%colocar edi\c c\~ao como: note = {3$^{\circ}$ Edi\c c\~a}

%--------------------------------------------------------------------------------------------

@BOOK{GoF,
author = {Gamma, E. and Helm, R. and Johnson, R. and Vlissides, J.},
year = {1995},
title = {{D}esign {P}atterns: {E}lements of {R}eusable {O}bject-{O}riented {S}oftware},
publisher = {Addison-Wesley}
}

%--------------------------------------------------------------------------------------------

@article{Krueger92, 
title = {{Software Reuse}},
author = {Krueger},
journal = {ACM Computing Surveys},
volume = {24},
year = {1992}
}

%--------------------------------------------------------------------------------------------

@article{Fach01, 
title = {{Design Reuse Through Frameworks and Patterns}}, 
author = {Fach, P.W.}, 
journal = {Software, IEEE}, 
volume = {18}, 
year = {2001}
}

%-------------------------------------------------------------------------------------------

@article{Johnson97Fram,
title = {Frameworks = (components + patterns)},
author = {Johnson, Ralph E.},
journal = {Communications of the ACM},
volume = {40},
year = {1997}
}

%-------------------------------------------------------------------------------------------

@article{Braga,
title = {{A Process for Framework Construction Based on a Pattern Language}},
author = {Braga, Rosana T. V. and Masiero, P.C.},
journal = {Computer Software and Applications Conference, 2002. COMPSAC 2002. Proceedings. 26th Annual International},
year = {2002}
}

%--------------------------------------------------------------------------------------------

@phdThesis{RosanaBragaTese,
author = {Braga, Rosana T. V.},
title = {Um processo para cons\-tru\-\c c\~ao e instancia\c c\~ao de frameworks baseados em uma linguagem de padr\~oes para um dom\'inio espec\'ifico},
type = {Tese de Doutorado},
school = {ICMC/USP, S\~ao Carlos - SP},
year = {2002}
}

%--------------------------------------------------------------------------------------------

@article{Srinivasan99,
title = {{Design Patterns in Object-Oriented Frameworks}}, 
author = {Srinivasan, S.},
journal = {Computer, IEEE},
volume = {32},
pages = {24-32},
month = {Fevereiro},
year = {1999}
}

%--------------------------------------------------------------------------------------------

@article{Cunningham1,
title = {{Secrets, Hot Spots, and Generalization: Preparing Students to Design Software Families}},
author = {Cunningham, H. Conrad and Tadepalli, Pallavi and Liu, Yi},
journal = {Journal of Computing Sciences in Colleges},
volume = {20},
year = {2005}
}

%--------------------------------------------------------------------------------------------

@article{Parsons,
title = {{A ``framework'' for Object Oriented Frameworks Design}},
author = {Parsons, D. and Rashid, A. and Speck, A. and Telea, A.},
journal = {Technology of Object-Oriented Languages and Systems, 1999. Proceedings of},
year = {1999}
}

%--------------------------------------------------------------------------------------------

@article{Cunningham2,
title = {{Using Classic Problems to Teach Java Framework Design}},
author = {Cunningham, H.C. and Liu, Y. and Zhang, C.},
journal = {Science of Computer Programming},
volume = {59},
abstract = {All programmers should understand the concept of software families and know the techniques for constructing them. This paper suggests that ...},
year = {2006}
}

%--------------------------------------------------------------------------------------------

@article{Cunningham3,
title = {{Using The Divide and Conquer Strategy to Teach Java Framework Design}},
author = {Cunningham, H. Conrad and Liu, Yi and Zhang, Cuihua},
journal = {Principles and practice of programming in Java},
year = {2004}
}

%--------------------------------------------------------------------------------------------

@article{Fraser97,
title = {{Beyond the Hype (panel): do Patterns and Frameworks Reduce Discovery Costs?}},
author = {Fraser, Steven and Beck, Kent and Booch, Grady and Coplien, Jim and Johnson, Ralph and Opdyke, Bill},
journal = {Object-oriented programming, systems, languages, and applications},
volume = {32},
year = {1997}
}

%--------------------------------------------------------------------------------------------

@article{Brugali00,
title = {{Frameworks and Pattern Languages: an Intriguing Relationship}}, 
author = {Brugali, Davide and Sycara, Katia P.},
journal = {ACM Computing Surveys},
volume = {32},
year = {2000}
}

%--------------------------------------------------------------------------------------------

@article{Johnson92,
title = {{Documenting Frameworks Using Patterns}},
author = {Johnson, Ralph E.},
journal = {ACM SIGPLAN Notices},
volume = {27},
year = {1992}
}

%--------------------------------------------------------------------------------------------

@article{Mens04, 
title = {{A Survey of Software Refactoring}},
author = {Mens, T. and Tourwe, T.},
journal = {Transactions on Software Engineering, IEEE},
volume = {30},
year = {2004}
}

%--------------------------------------------------------------------------------------------

@article{Demeyer1,
title = {{Refactoring - Improving Coupling and Cohesion of Existing Code}},
author = {Demeyer, S. and Du Bois, B. and Verelst, J.},
journal = {Reverse Engineering, 2004. Proceedings. 11th Working Conference on},
year = {2004}
}
 
%--------------------------------------------------------------------------------------------

@article{Demeyer2,
title = {{Refactor Conditionals into Polymorphism: What's the Performance Cost of Introducing Virtual Calls?}},
author = {Demeyer, S.},
journal = {Software Maintenance, 2005. ICSM'05. Proceedings of the 21st IEEE International Conference on},
year = {2005}
}

%--------------------------------------------------------------------------------------------

@article{Fowler01,
title = {{Avoiding Repetition}},
author = {Fowler, M.},
journal = {Software, IEEE},
volume = {18},
month = {Fevereiro},
pages = {97-99},
year = {2001}
}

%--------------------------------------------------------------------------------------------

@article{Cortes03,
title = {{Using Refactoring and Unification Rules to Assist Framework Evolution}},
author = {Cortes, Mariela and Fontoura, Marcus and Lucena, Carlos},
journal = {ACM SIGSOFT Software Engineering Notes},
volume = {28},
year = {2003}
}

%--------------------------------------------------------------------------------------------

@article{Johnson97,
title = {{Components, Frameworks, Patterns}},
author = {Johnson, Ralph E.},
journal = {ACM SIGSOFT Software Engineering Notes},
volume = {22},
year = {1997}
}

%--------------------------------------------------------------------------------------------

@article{Fayad97,
title = {{Object-Oriented Application Frameworks}},
author = {Fayad, Mohamed and Schmidt, Douglas C.},
journal = {Communications of the ACM},
volume = {40},
year = {1997}
}

%--------------------------------------------------------------------------------------------

@BOOk{UMLEssencial, 
author = {Fowler, Martin},
title = {\textsc{UML} \textsc{E}ssencial: \textsc{U}m breve guia para a linguagem-padr\~ao de modelagem de objetos},
year = {2005},
publisher = {Bookman},
note = {3$^{\circ}$ Edi\c c\~ao}
}

%--------------------------------------------------------------------------------------------

@BOOK{UMLePadroes,
author = {Larman, Craig},
year = 2004,
title = {Utilizando UML e Padr\~oes: Uma introdu\c c\~ao \`a an\'alise e ao projeto orientados a objetos e ao \textsc{P}rocesso \textsc{U}nificado}, 
publisher = {Bookman},
note = {2$^{\circ}$ Edi\c c\~ao}
}

%--------------------------------------------------------------------------------------------

@ARTICLE{IndustrialExperienceWithPatterns, 
author = {Beck, kent and Coplien, James and Crocker, Ron and Dominick, Lutz and Meszalos, Gerard and Paulish, Frances},
year = {1996}, 
title = {{Industrial Experience with Design Patterns}},
journal = {Proceedings of the 18th International Conference on Software Engineering},
pages = {103-114}
}

%--------------------------------------------------------------------------------------------

@BOOK{CoplienSoftwarePatterns, 
author = {Coplien, James}, 
year = {1996},
title = {{Software Patterns}}, 
publisher = {Sigs Books}, 
month = {Junho} 
}

%--------------------------------------------------------------------------------------------

@BOOK{PatternsInJava, 
author = {Grand, Mark}, 
year = {1998},
volume = 1,
title = {{Patterns in Java}}, 
publisher = {John Wiley \& Sons}
}

%--------------------------------------------------------------------------------------------

@BOOK{DesignPatternsExplained, 
author = {Shalloway, Alan and Trott, James}, 
year = 2001, 
title = {{Design Patterns Explained: A New Perspective On Object-Oriented Design}}, 
publisher = {Addison-Wesley}
}

%--------------------------------------------------------------------------------------------

@article{Agerbo98,
title = {{How to Preserve the Benefits of Design Patterns}},
author = {Agerbo, Ellen and Cornils, Aino},
journal = {ACM SIGPLAN Notices},
volume = {33},
year = {1998}
}

%--------------------------------------------------------------------------------------------

@ARTICLE{RefreshingPatterns, 
author = {Wirfs-Brock, Rebecca},
year = {2006}, 
title = {{Refreshing Patterns}},
journal = {Software, IEEE}, 
pages = {45-47},
volume = {23},
month = {Junho}
} 

%--------------------------------------------------------------------------------------------

@ARTICLE{Patterns, 
author = {Fowler, Martin},
year = {2003}, 
title = {Patterns},
journal = {Software, IEEE}, 
pages = {2-3},
volume = {20},
month = {Mar\c co}
}

%--------------------------------------------------------------------------------------------

@ARTICLE{TheRoleOfPatternsLanguage, 
author = {Braga, Rosana T. V. and Masiero, P.C.},
year = {2002},
title = {{The Role of Pattern Languages in the Instantiation of White-Box Object-oriented Frameworks}},
journal = {Cadernos de Computa\c c\~ao do ICMC}, 
pages = {119-145},
volume = {3},
month = {Maio}
}

%--------------------------------------------------------------------------------------------

@ARTICLE{TowardsAPatternLanguage, 
author = {Noble, James},
year = {1998}, 
title = {{Towards a Pattern Language for Object Oriented Design}},
journal = {Technology of Object-Oriented Languages},
pages = {2-13},
month = {Novembro}  
}

%--------------------------------------------------------------------------------------------

@ARTICLE{SystemDevelopment, 
author = {Braga, Rosana T. V. and Masiero, Paulo}, 
year = {2004}, 
title = {{System Development Using a Pattern Language-based tool}}, 
journal = {Proceedings of International Conference on Enterprise Information Systems (ICEIS 2004)},
pages = {155-162},
volume = {6},
month = {Abril}
}

%--------------------------------------------------------------------------------------------

@ARTICLE{PatternLanguageGRN99, 
author = {Braga, Rosana T. V. and Ger\-ma\-no, Fernao S. R. and Masiero, Paulo C.},
year = {1999},
title = {{A Pattern Language for Business Resource Ma\-na\-ge\-ment}},  
journal = {Proceedings of the Annual Conference on Pattern Languages of Programs}, 
volume = 6,
pages = {1-33},
month = {Agosto}
}

%--------------------------------------------------------------------------------------------

@article{Cazzola05, 
title = {{AOP for Software Evolution: a Design Oriented Approach}},
author = {Cazzola, Walter and Pini, Sonia and Ancona, Massimo},
journal = {Applied computing},
year = {2005}
}

%--------------------------------------------------------------------------------------------

@article{Soares,
author = {Soares, S\'ergio and Borba, Paulo}, 
title = {{AspectJ -- Programac\~ao orientada a aspectos em Java}},
journal = {Simp\'osio Brasileiro de Linguagens de Programa\c c\~ao},
volume = {6},
month = {Junho},
pages = {39-55},
year = {2002}
}

%--------------------------------------------------------------------------------------------

@article{Rashid, 
title = {{Aspect-Oriented and Component-Based Software Engineering}}, 
author = {Rashid, A.}, 
journal = {Software, IEE Proceedings}, 
volume = {148}, 
month = {Junho},
year = {2001}
}

%--------------------------------------------------------------------------------------------

@article{France, 
title = {{Aspect-Oriented Approach to Early Design Modelling}}, 
author = {France, R. and Georg, G. and Ghosh, S. and Ray, I.}, 
journal = {Software, IEE Proceedings}, 
volume = {151},
month = {Agosto},
year = {2004}
}

%--------------------------------------------------------------------------------------------

@article{Lopes99, 
title = {{Aspect-Oriented Programming}}, 
author = {Lopes, Cristina Videira and Kiczales, Gregor and Lamping, John and Mendhekar, Anurag and Maeda, Chris and Lopes, Cristina and Loingtier, Jean-marc and Irwin, John}, 
journal = {Proceedings of the European Conference on Object-Oriented Programming (ECOOP)},
month = {Junho},
year = {1997}
}

%--------------------------------------------------------------------------------------------

@article{Kiczales05, 
title = {{Aspect-Oriented Programming and Modular Reasoning}}, 
author = {Kiczales, Gregor and Mezini, Mira}, 
journal = {Software engineering}, 
year = {2005}
}

%--------------------------------------------------------------------------------------------

@article{Murphy,
title = {{Guest Editors Introduction: Aspect-Oriented Programming}},
author = {Murphy, Gail and   Schwanninger, Christa},
journal = {Software, IEEE}, 
volume = {23},
month = {Fevereiro},
year = {2006}
}

%--------------------------------------------------------------------------------------------

@article{Miller,
title = {{Aspect-Oriented Programming Takes Aim at Software Complexity}},
author = { Miller, S.K.},
journal = {Computer, IEEE},
volume = {34}, 
month = {Abril}, 
year = {2001}
}

%--------------------------------------------------------------------------------------------

@article{LaddadImprove,
title = {{Aspect-Oriented Programming Will Improve Quality}}, 
author = {Laddad, Ramnivas},
journal = {Software, IEEE},
month = {Dezembro},
year = {2003}
}

%--------------------------------------------------------------------------------------------

@article{hirschfeld01aspects,
author = {Hirschfeld, R.},
title = {Aspect\textsc{S}: \textsc{AOP} with Squeak},
journal = {OOPSLA 2001 Workshop on Advanced Separation of Concerns},
year = {2001},
}

%--------------------------------------------------------------------------------------------

@article{Lippert,
author = {Lippert, Martin and Lopes, Cristina},
title = {{A Study on Exception Detection and Handling Using Aspect-Oriented Programming}},
journal = {International Conference on Software Engineering},
volume = {00},
year = {2000},
publisher = {Computer Society, IEEE},
}

%--------------------------------------------------------------------------------------------

@article{Binkley, 
title = {{Automated Refactoring of Object Oriented Code into Aspects}}, 
author = {Binkley, D. and Ceccato, M. and Harman, M. and Ricca, F. and Tonella, P.}, 
journal = {Software Maintenance, 2005. ICSM'05. Proceedings of the 21st IEEE International Conference on},
year = {2005}
}

%--------------------------------------------------------------------------------------------

@article{Barzilay04, 
title = {{Call and Execution Semantics in AspectJ}}, 
author = {Barzilay, Ohad and Tyszberowicz, Shmuel and Feldman, Yishai A. and Yehudai, Amiram}, 
journal = {Languages Workshop at AOSD 2004},
year = {2004}
}

%--------------------------------------------------------------------------------------------

@article{Viega,
title = {{Can Aspect-Oriented Programming Lead to More Reliable Software?}},
author = { Viega, J. and  Voas, J.},
journal = {Software, IEEE}, 
month = {Dezembro},
volume = {17},
year = {2000}
}

%--------------------------------------------------------------------------------------------

@article{Clarke01, 
title = {{Composition Patterns: An Approach to Designing Reusable Aspects}}, 
author = {Clarke, Siobhn and Walker, Robert J.}, 
journal = {Software Engineering}, 
year = {2001}
}

%--------------------------------------------------------------------------------------------

@article{Cole05, 
title = {{Deriving Refactorings for AspectJ}}, 
author = {Cole, Leonardo and Borba, Paulo}, 
journal = {Aspect-oriented software development}, 
year = {2005}
}

%--------------------------------------------------------------------------------------------

@article{Hannemann02, 
title = {{Design Pattern Implementation in Java and AspectJ}}, 
author = {Hannemann, Jan and Kiczales, Gregor}, 
journal = {ACM SIGPLAN Notices}, 
volume = {37}, 
year = {2002}
}

%--------------------------------------------------------------------------------------------

@article{Elrad01, 
title = {{Discussing Aspects of AOP}}, 
author = {Elrad, Tzilla and Aksits, Mehmet and Kiczales, Gregor and Lieberherr, Karl and Ossher, Harold}, 
journal = {Communications of the ACM}, 
volume = {44}, 
year = {2001} 
}

%--------------------------------------------------------------------------------------------

@article{DoesAOPWorks, 
title = {{Does Aspect-Oriented Programming Work?}},
author = {Murphy, Gail and Walker, Robert and Baniassad, Elisa and Robillard, Martin and Lai, Albert and Kerstern, Mik}, 
journal = {Communications of the ACM}, 
volume = {44}, 
month = {Outubro}, 
year = {2001}
}

%--------------------------------------------------------------------------------------------

@article{Murphy99, 
title = {{Evaluating Emerging Software Development Technologies: Lessons Learned from Assessing Aspect-Oriented Programming}}, 
author = {Murphy, Gail and Walker, Robert and Baniassad, Elisa L. A.}, 
journal = {Transactions on Software Engineering, IEEE}, 
volume = {25}, 
year = {1999}
}

%--------------------------------------------------------------------------------------------

@article{ValterCamargo,
title = {{Frameworks Orientados a Aspectos}},
author = {Camargo, V. V. and Masiero, P. C.},
journal = {Simp\'osio Brasileiro de Engenharia de Software (SBES 2005)},
pages = {200-215}, 
year = {2005}
}

%--------------------------------------------------------------------------------------------

@article{GettingStarted,
title = {{Getting started with AspectJ}},
author = {Kiczales, Gregor and Hilsdale, Erik and Hugunin, Jim and Kersten, Mik and Palm, Jeff and Griswold, William}, 
journal = {Communications of the ACM},
volume = {44}, 
pages = {59-65},
year = {2001}
}

%--------------------------------------------------------------------------------------------

@article{Hanenberg03, 
title = {Idioms for {B}uilding {S}oftware {F}rameworks in {A}spect{J}}, 
author = {Hanenberg, Stefan}, 
journal = {AOSD Workshop on Aspects, Components, and Patterns for Infrastructure Software},
year = {2003}, 
}

%--------------------------------------------------------------------------------------------

@article{Soares02, 
title = {{Implementing Distribution and Persistence Aspects with AspectJ}}, 
author = {Soares, S\'ergio and Laureano, Eduardo and Borba, Paulo}, 
journal = {ACM SIGPLAN Notices}, 
volume = {37}, 
year = {2002}
}

%--------------------------------------------------------------------------------------------

@article{Bernardi, 
title = {{Improving Design Pattern Quality Using Aspect Orientation}}, 
author = {Bernardi, M.L. and Di Lucca, G.A.}, 
journal = {Software Technology and Engineering Practice, 2005. 13th IEEE International Workshop on}, 
month = {Setembro},
pages = {206-218},
year = {2005}
}

%--------------------------------------------------------------------------------------------

@article{Piveta03, 
title = {{Observer Pattern Using Aspect-Oriented Programming}}, 
author = {Piveta, Eduardo Kessler and Zancanella, Luiz Carlos}, 
journal = {Proceedings of Third Latin American Conference on Pattern Languages of Programming},
year = {2003}
}

%--------------------------------------------------------------------------------------------

@article{PersistenceAspect,
title = {{Persistence as an Aspect}},
author = {Rashid, Awais and Chitchyan, Ruzanna},
journal = {Proceedings of the 2nd international conference on Aspect-oriented software development},
pages = {120-129},
year = {2003}
}

%--------------------------------------------------------------------------------------------

@article{RefactoringJava, 
title = {{Refactoring a Java Code Base to AspectJ - An Illustrative Example}},
author = {Monteiro, M. and Fernandes, J. },
journal = {Proceedings of the 21st IEEE International Conference on Software Maintenance},
month = {Setembro},
year = {2005}
}

%--------------------------------------------------------------------------------------------

@article{RefactAspectizable,
author = {Tonella, Paolo and Ceccato, Mariano},
title = {{Refactoring the Aspectizable Interfaces: An Empirical Assessment}},
journal = {Transactions on Software Engineering, IEEE},
volume = {31},
number = {10},
year = {2005},
pages = {819-832}
}

%--------------------------------------------------------------------------------------------

@article{RefactJUnit, 
title = {{Refactoring the JUnit Framework Using Aspect-Oriented Programming}},
author = {Kulesza, Uir\'a and Sant\' Anna, Cl\'audio and Lucena, Carlos},
journal = {ACM SIGPLAN conference on Object-oriented programming, systems, languages, and applications},
year = {2005}
}

%--------------------------------------------------------------------------------------------

@article{Steimann06,
  author = {Friedrich Steimann},
  title = {{The Paradoxical Success of Aspect-Oriented Programming}},
  journal = {Proceedings of the 21st International Conference on Object-oriented Programming Systems, Languages, and Applications},
  year = {2006},
  month = {Outubro},
  pages = {481-497}
}

%--------------------------------------------------------------------------------------------

@article{TheRealCosts,
title = {{The Real Costs of Aspect-Oriented Programming}},
author = { Alexander, R.},
journal = {Software, IEEE},
volume = {20},
pages = {92-93},
year = {2003}
}

%--------------------------------------------------------------------------------------------

@article{TowardsACatalog,
title = {{Towards a Catalog of Aspect-Oriented Refactorings}},
author = {Monteiro, M. and Fernandes, J.},
journal = {Proceedings of the 4th international conference on Aspect-oriented software development},
pages = {111-122},
year = {2005}
}

%--------------------------------------------------------------------------------------------

@article{UnderstandingRequ,
author = {Dahiya, Deepak and Sachdeva, Rajinder},
title = {{Understanding Requirements: Aspect Oriented Software Development}},
journal = {compsac},
volume = {2},
year = {2006},
pages = {303-308},
}

%--------------------------------------------------------------------------------------------

@book{aspectjInAction,
author = {Laddad, Ramnivas},
title =	{{AspectJ in Action: Practical Aspect-Oriented Programming}},
publisher = {Manning},
year = 	{2003}
}

%--------------------------------------------------------------------------------------------

@book{refactImpro,
author = {Fowler, Martin and Beck, Kent and Brant, John  and Opdyke, William and Roberts, Don},
title =	{{Refactoring: Improving the Design of Existing Code}},
publisher = {Addison-Wesley},
year = 	{1999},
month =	{Agosto}
}

%--------------------------------------------------------------------------------------------

@PhdThesis{Opdy92b,
author = {Opdyke, William F.},
title = {{Refactoring Object-Oriented Frameworks}},
school = {University of Illinois},
type = {Ph.\textsc{D}. \textsc{T}hesis},
year = {1992}
}

%--------------------------------------------------------------------------------------------

@article{Lassenius,
author = {Mika V. M\"antyl\"a and Jari Vanhanen and Casper Lassenius},
title = {{Bad Smells -- Humans as Code Critics}},
journal = {{Software Maintenance, 2004. Proceedings. 20th IEEE International Conference on}},
volume = {00},
year = {2004},
pages = {399-408}
}

%--------------------------------------------------------------------------------------------

@article{RefactFrameworks,
author = {Lugang Xu and Greg Butler},
title = {{Cascaded Refactoring for Framework Development and Evolution}},
journal = {{Proceedings of the 2006 Australian Software Engineering Conference (ASWEC'06)}},
year = {2006},
month = {Abril},
pages = {319-330},
}

%--------------------------------------------------------------------------------------------

@article{RefactoringWayToGo, 
title = {{Refactoring for Changeability: A Way to Go?}}, 
author = {Geppert, B. and Mockus, A. and R\"o{\ss}ler, F.}, 
journal = {Software Metrics, 2005. 11th IEEE International Symposium},
volume = {00},
month = {Setembro},
year = {2005} 
}

%--------------------------------------------------------------------------------------------

@article{Andou, 
title = {{A Quantitative Evaluation of Maintainability Enhancement by Refactoring}}, 
author = {Andou, H. and Fukaya, T. and Imai, T. and Kataoka, Y.}, 
journal = {Proceedings International Conference on Software Maintenance, IEEE}, 
year = {2002}
}

%--------------------------------------------------------------------------------------------


@article{Murray04, 
title = {{An Approach to Specifying Software Frameworks}}, 
author = {Murray, Leesa and Carrington, David and Strooper, Paul}, 
journal = {Australasian computer science}, 
volume = {26}, 
year = {2004}, 
}

%--------------------------------------------------------------------------------------------

@article{Pichler, 
title = {{An Integrated Approach for Documenting, Exploring, and Building Framework-Based Software}}, 
author = {Pichler, J. and Weinreich, R.}, 
journal = {International Conference on Technology of Object-Oriented Languages and Systems},
year = {2000}
}

%--------------------------------------------------------------------------------------------

%--------------------------------------------------------------------------------------------

@article{ExceptionDetails,
title = {{Exceptions and Aspects: The Devil is in the Details}},
author = {Filho, F. and Cacho, N. and Ferreira, R. and Figueiredo, E. and Garcia, A. and Rubira, C.},
journal = {nternational Conference on Foundations on Software Engineering},
year = {2006}
}

%--------------------------------------------------------------------------------------------

@techreport{Kienzle99, 
title = {{A Framework Based on Design Patterns for Providing Persistence In Object-Oriented Programming Languages}}, 
author = {Kienzle, Jrg and Romanovsky, Alexander}, 
institution = {New Castle University},
year = {1999} 
}

%--------------------------------------------------------------------------------------------

@article{Bosch, 
title = {{Framework Composition: Problems, Causes and Solutions}}, 
author = {Bosch, J. and Mattsson, M.}, 
journal = {Proceedings Technology of Object-Oriented Languages and Systems}, 
year = {1997} 
}

%--------------------------------------------------------------------------------------------

@article{Kirk,
title = {{Identifying and Addressing Problems in Framework Reuse}}, 
author = {Kirk, D. and Roper, M. and Wood, M.}, 
journal = {Proceedings 13th International Workshop on Program Comprehension}, 
year = {2005}
}

%--------------------------------------------------------------------------------------------

@techreport{Kirk02, 
title = {{On the Creation of Pattern Languages for Framework Reuse}}, 
author = {Kirk, Douglas and Roper, Marc and Wood, Murray}, 
institution = {University of Strathclyde},
year = {2002} 
}

%--------------------------------------------------------------------------------------------

@article{Parnas72, 
title = {{On the Criteria to be Used in Decomposing Systems into Modules}}, 
author = {Parnas}, 
journal = {Communications of the ACM}, 
volume = {15}, 
year = {1972}
}

%--------------------------------------------------------------------------------------------

@article{lohmann,
author = {Lohmann, Daniel and Blaschke, Georg and Spinczyk, Olaf},
title = {Generic Advice: On the Combination of {AOP} with Generative Programming in {AspectC++}},
journal = {Proceedings of the 3rd International Conference on Generative Programming and Component Engineering (GPCE '04)},
volume = {3286},
pages = {55-74},
month = {Outubro},
year = {2004}
}

%--------------------------------------------------------------------------------------------

@article{Mahrenholz02, 
title = {{Program Instrumentation for Debugging and Monitoring with AspectC++}}, 
author = {Mahrenholz, Daniel and Spinczyk, Olaf and Oder-preikschat, Wolfgang Schr}, 
journal = {IEEE International Symposium on Object-Oriented Real-Time Distributed Computing}, 
year = {2002}, 
}

%-------------------------------------------------------------------------------------------

@MISC{siteGRN,
author = {Braga, Rosana T. V.},
title = {\textsc{GRN}: Uma Lin\-gua\-gem de Pa\-dr\~oes Pa\-ra Ge\-ren\-ciamen\-to de Re\-cur\-sos de Ne\-g\'o\-cio},
institution =  {Universidade de S\~ao Paulo - USP},
year = {2002},
month = {Julho},
howpublished = {Dispon\'ivel em: \emph{http://www.icmc.usp.br/$\sim$rtvb/}},
note = {(Acessado 25 de Novembro de 2006)}
}

%-------------------------------------------------------------------------------------------

@Article{SmalltalktoJava,
title =	{{Translating Smalltalk Blocks to Java}},
author = {Engelbrecht, R. L. and Kourie, Derrick G.},
journal = {IEE Proceedings - Software},
year = 	{2003},
month = {Junho},
volume = {150},
pages =	{203-211}
}

%-------------------------------------------------------------------------------------------

@article{ReverseEngPatterns,
author = {Demeyer, S. and Ducasse, S. and Nierstrasz, O.},
journal = {{P}roceedings of {E}uro{PL}o{P} 1999},
pages = {189-208},
title = {{A Pattern Language for Reverse Engineering}},
year = {1999},
}

%-------------------------------------------------------------------------------------------

@phdthesis{DuBois2006Thesis,
author = {Bart Du Bois},
title = {{A Study on Quality Improvements by Refactoring}},
month = {Setembro},
school = {University of Antwerp},
year = {2006},
}

%--------------------------------------------------------------------------------------------

@Book{SmalltalkExample,
author = {Sharp, Alec},
publisher = {McGraw-Hill},
title = {{Smalltalk} by {E}xample},
year = {1997}
}

%--------------------------------------------------------------------------------------------

@Book{bookReengPatterns,
author = {Demeyer, Serge and Ducasse, St\'ephane and Nierstrasz, Oscar},
publisher = {Morgan Kaufmann},
title = {{Object-Oriented Reengineering Patterns}},
year = {2002}
}

%--------------------------------------------------------------------------------------------

@Book{JavaStyle,
author = {Vermeulen, Allan and Ambler, Scott W. and Bumgardner, Greg and Metz, Eldon and Misfeldt, Trevor and Shur, Jim and Vermeulen, Alan and Thompson, Patrick},
title = {The {E}lements of {Java} Style},
publisher = {{C}ambridge {U}niversity {P}ress},
year =  {2000}
}

%--------------------------------------------------------------------------------------------

@article{Terekhov00, 
title = {{T}he {R}ealities of {L}anguage {C}onversions},
author = {Terekhov, A.A. and Verhoef, C.},
journal = {Software, IEEE},
volume = {17},
year = {2000}
}

%--------------------------------------------------------------------------------------------

@article{Coady03, 
title = {{Using AspectC to Improve the Modularity of Path-Specific Customization in Operating System Code}}, 
author = {Coady, Yvonne and Kiczales, Gregor and Feeley, Mike and Smolyn, Greg}, 
journal = {Proceedings of the 8th European software engineering conference held jointly with 9th ACM SIGSOFT international symposium on Foundations of software engineering},
year = {2001}
}

%--------------------------------------------------------------------------------------------

@InProceedings{Lehm96aLaws,
author = {Lehman, Manny},
booktitle = {European Workshop on Software Process Technology},
pages =	{108-124},
publisher = {Springer},
title = {{Laws of Software Evolution Revisited}},
year =  {1996}
}

%--------------------------------------------------------------------------------------------

@article{DemeyerReengineeringPatterns, 
title = {{Object-Oriented Reengineering: Patterns and Techniques}}, 
author = {Demeyer, S. and Ducasse, S. and Nierstrasz, O.}, 
journal = {Software Maintenance, 2005. ICSM'05. Proceedings of the 21st IEEE International Conference on},
pages = {723-724},
month = {Setembro},
year = {2005},
}

%--------------------------------------------------------------------------------------------

@article{DemeyerChallenges, 
title = {{Challenges in Software Evolution}}, 
author = {Demeyer, S. and Ducasse, S. and Hirschfeld, R. and Jazayeri, M. and Mens, T. and Wermelinger, M.},
journal = {Principles of Software Evolution, Eighth International Workshop on},
pages = {13-22},
month = {Setembro},
year = {2005}
}

%--------------------------------------------------------------------------------------------

@article{Bianchi03, 
title = {{Iterative Reengineering of Legacy Systems}}, 
author = {Bianchi, A. and Caivano, D. and Marengo, V. and Visaggio, G.}, 
journal = {IEEE Transactions on Software Engineering},
pages = {225-241},
month = {Mar\c co},
volume = {29},
year = {2003},
}

%--------------------------------------------------------------------------------------------

@InCollection{RevEngRoad,
author = {M{\"u}ller, Hausi A. and Janhke, Jens H. and Smith, Dennis B. and Storey, Margaret-Anne and Tilley, Scott R. and Wong, Kenny},
booktitle = {{The Future of Software Engineering 2000}},
editor = {Finkelstein, A.},
publisher = {ACM Press},
title = {{Reverse Engineering: A Roadmap}},
year = {2000},
}

%--------------------------------------------------------------------------------------------

@Article{chikofskyTax,
title =	{{Reverse Engineering and Design Recovery: A Taxonomy}},
author = {Chikofsky, Elliot J. and Cross II, James H.},
journal = {IEEE Software},
year = {1990},
number = {1},
volume = {7},
pages =	{13--17}
}

%--------------------------------------------------------------------------------------------

@MISC{FAMOOSHandbook,
author = {Ducasse, St\'ephane and Demeyer, Serge and Ciupke, Oliver and Tichelaar,  Sander},
title = {{The FAMOOS Object-Oriented Reengineering Handbook (as released to the general public)}},
year = {1999},
month = {Outubro},
howpublished = {Dis\-po\-n\'i\-vel em: \emph{http://www.iam.unibe.ch/$\sim$famoos/handbook/4handbook.pdf}},
note = {(Acessado 23 de Fevereiro de 2007)}
}

%--------------------------------------------------------------------------------------------

@article{softPatterns,
author = {Schmidt,Douglas C. and Fayad, Mohamed and Johnson, Ralph E.},
title = {Software patterns},
journal = {Communications of the ACM},
volume = {39},
number = {10},
year = {1996},
pages = {37-39},
publisher = {ACM Press},
}

%--------------------------------------------------------------------------------------------

@article{DucasseTypeCheck, 
title = {{Type-Check Elimination: Two Object-Oriented Reengineering Patterns}}, 
author = {Ducasse, S. and Richner, T. and Nebbe, R.}, 
journal = {Reverse Engineering, 1999. Proceedings. Sixth Working Conference on}, 
month = {Outubro},
pages = {157-166},
year = {1999}
}

%--------------------------------------------------------------------------------------------

@article{SystemReengineering,
author = {Perdita Stevens and Rob Pooley},
title = {{Systems Reengineering Patterns}},
journal = {SIGSOFT Softw. Eng. Notes},
volume = {23},
number = {6},
year = {1998},
pages = {17-23}
 }

%--------------------------------------------------------------------------------------------

@MISC{javadoc,
author = {{Sun Microsystems, Inc.}},
title = {{Sun Developer Network (SDN) - Javadoc Tool Home Page}},
year = {2007},
howpublished = {Dispon\'ivel em: \emph{http://java.sun.com/j2se/javadoc/}},
note = {(Acessado 26 de Fevereiro de 2007)}
}

%--------------------------------------------------------------------------------------------

@phdThesis{WalterCamargoTese,
author = {Camargo, V. V.},
title = {Frameworks transversais: defini\c c\~oes, classifica\c c\~oes, arquitetura e utiliza\c c\~ao em um processo de desenvolvimento de software},
type = {Tese de Doutorado},
school = {ICMC/USP, S\~ao Carlos - SP},
year = {2006}
}

%--------------------------------------------------------------------------------------------

@article{OnTheEfffectivenessOfTDD, 
title = {{On the Effectiveness of the Test-First Approach to Programming}},
author = {Erdogmus, H. and Morisio, M. and Torchiano, M.},
journal = {Software Engineering, IEEE Transactions on},
pages = {226-237},
volume = {31},
year = {2005}, 
month = {Mar\c co}
}

%--------------------------------------------------------------------------------------------

@article{ConceptsTDD,
author = {David Janzen and Hossein Saiedian},
title = {{Test-Driven Development: Concepts, Taxonomy, and Future Direction}},
journal = {Computer},
volume = {38},
number = {9},
year = {2005},
pages = {43-50},
}

%--------------------------------------------------------------------------------------------

@book{TDDByExample,
author = {Beck, Kent},
howpublished = {Paperback},
month = {November},
publisher = {{Addison-Wesley Professional}},
title = {Test Driven Development: By Example},
year = {2002}
}

%--------------------------------------------------------------------------------------------

@InProceedings{OnTheInfluenceofTDD,
title = {{On the Influence of Test-Driven Development on Software Design}},
 booktitle = {CSEET '06: Proceedings of the 19th Conference on Software Engineering Education \& Training (CSEET'06)},
 year = {2006},
author = {David Janzen and Hossein Saiedian},
publisher = {IEEE Computer Society},
year = {2006},
pages = {141--148},
}

%--------------------------------------------------------------------------------------------

@book{TDDManning,
author = {Koskela, Lasse  },
howpublished = {Paperback},
month = {Setembro},
publisher = {{Manning Publications}},
title = {{Test Driven: TDD and Acceptance TDD for Java Developers}},
year = {2007}
}

%--------------------------------------------------------------------------------------------

@article{ProfissionalismAndTDD,
author = {Robert C. Martin},
title = {{Professionalism and Test-Driven Development}},
journal = {IEEE Software},
volume = {24},
number = {3},
year = {2007},
pages = {32-36},
}

%--------------------------------------------------------------------------------------------

@book{Meszaros2007,
title = {XUnit Test Patterns: Refactoring Test Code},
author = {Gerard Meszaros},
publisher = {Addison-Wesley},
year = {2007},
month = {Maio}
}

%--------------------------------------------------------------------------------------------

@inproceedings{RefacTestCodeSafely,
author = {Eduardo Martins Guerra and Clovis Torres Fernandes},
title = {{Refactoring Test Code Safely}},
booktitle = {{ICSEA '07: Proceedings of the International Conference on Software Engineering Advances (ICSEA 2007)}},
year = {2007},
pages = {44-50},
}

%--------------------------------------------------------------------------------------------
 
@inProceedings{refTestCode,
author = {Deursen, {Arie van} and Leon Moonen and Bergh, {Alex van den} and Gerard Kok},
title =	{Refactoring Test Code},
booktitle = {{Proceedings of the 2nd International Conference on Extreme Programming and Flexible Processes in Software Engineering (XP2001)}},
year = {2001},
month = {Maio},
}

%--------------------------------------------------------------------------------------------

@inproceedings{EmpiricalAssessmentofTDD,
 author = {Liang Huang and Mike Holcombe},
 title = {{Empirical Assessment of Test-First Approach}},
 booktitle = {TAIC-PART '06: Proceedings of the Testing: Academic \& Industrial Conference on Practice And Research Techniques},
 year = {2006},
 pages = {197-202},
 publisher = {IEEE Computer Society},
 }
 
%--------------------------------------------------------------------------------------------
 
 @article{AimFire,
 author = {Beck, Kent},
 title = {{Aim, Fire}},
 journal = {IEEE Software},
 volume = {18},
 number = {5},
 year = {2001},
 pages = {87-89}
 }
 
%--------------------------------------------------------------------------------------------

@Article{ExperimentAboutTFP,
title =	{{Experiment about test-first programming}},
author = {Matthias M. M{\"u}ller and Oliver Hagner},
journal = {{IEE Proceedings -- Software}},
year = {2002},
number = {5},
volume = {149},
pages = {131--136},
}

%--------------------------------------------------------------------------------------------

@inproceedings{TDDDefectReductionPractice,
author = {Laurie Williams and E. Michael Maximilien and Mladen Vouk},
title = {{Test-Driven Development as a Defect-Reduction Practice}},
booktitle = {{ISSRE '03: Proceedings of the 14th International Symposium on Software Reliability Engineering}},
year = {2003},
pages = {34-48},
publisher = {{IEEE Computer Society}},
}
 
%--------------------------------------------------------------------------------------------

@MISC{JUnit,
author = {JUnit},
title = {{JUnit.org Resources for Test Driven Development}},
year = {2007},
howpublished= {Dispon\'ivel em: \emph{http://www.junit.org/}},
note = {(Acessado 11 de Dezembro de 2007)}
}

%--------------------------------------------------------------------------------------------

@article{JUnitCodingInTandem,
author = {Panagiotis Louridas},
title = {{JUnit: Unit Testing and Coding in Tandem}},
journal = {IEEE Software},
volume = {22},
number = {4},
year = {2005},
pages = {12-15}
}

%--------------------------------------------------------------------------------------------

@MISC{JUnitReloaded,
author = {Ralf Stuckert},
title = {{JUnit Reloaded}},
year = {2006},
month = {Dezembro},
howpublished= {Dispon\'ivel em: \emph{http://today.java.net/pub/a/\-today/2006/\-12/07/junit-reloaded\-.html\#omitting-tests}},
note = {(Acessado 13 de Julho de 2007)}
}

%--------------------------------------------------------------------------------------------

@article{ConsideringExperienceInTDD,
author = {Matthias M. M\"uller and Andreas H\"ofer},
title = {{The effect of experience on the test-driven development}},
journal = {Empirical Software Engineering},
volume = {12},
number = {6},
year = {2007},
publisher = {Springer Netherlands},
pages = {593-615},
}

%--------------------------------------------------------------------------------------------

@Article{TDD&PairProgramming,
title =	{{Evaluating the impact of test-first programming and pair programming through software process simulation}},
author = {Marco Melis and Ivana Turnu and Alessandra Cau and Giulio Concas},
journal = {{Software Process: Improvement and Practice}},
year = {2006},
number = {4},
volume = {11},
pages = {345-360},
}

%--------------------------------------------------------------------------------------------

@article{FearlessProgramming,
author = {Ron Jeffries and Grigori Melnik},
title = {{Guest Editors' Introduction: TDD--The Art of Fearless Programming}},
journal = {IEEE Software},
volume = {24},
number = {3},
year = {2007},
pages = {24-30}
}

%--------------------------------------------------------------------------------------------

@article{DiscoveringDesignValues,
author = {Wirfs-Brock, Rebecca},
title = {{Driven to~\ldots Discovering Your Design Values}},
journal = {{IEEE Software}},
volume = {24},
number = {1},
year = {2007},
pages = {9-11}
}

%--------------------------------------------------------------------------------------------

@inproceedings{mockRolesNotObjects,
author = {Freeman, Steve   and Mackinnon, Tim   and Pryce, Nat   and Walnes, Joe  },
booktitle = {OOPSLA '04: Companion to the 19th annual ACM SIGPLAN conference on Object-oriented programming systems, languages, and applications},
journal = {OOPSLA '04: Companion to the 19th annual ACM SIGPLAN conference on Object-oriented programming systems, languages, and applications},
pages = {236-246},
title = {{Mock roles, not objects}},
year = {2004}
}

%--------------------------------------------------------------------------------------------

@MISC{MartinFowlerMocksAndStubs,
author = {Martin Fowler},
title = {{Mocks Aren't Stubs}},
year = {2007},
month = {Janeiro},
howpublished = {Dis\-po\-n\'i\-vel em: \emph{http://\-martinfowler.com/\-articles/\-mocksArentStubs.html}},
note = {(Acessado 23 de Janeiro de 2008)}
}

%--------------------------------------------------------------------------------------------

@MISC{OMG,
author = {{OMG}},
title = {{Object Management Group (OMG) Unified Modeling Language (UML), Infrastructure, V2.1.2 --- OMG Available Specification without Change Bars}},
year = {2008},
howpublished = {Dispon\'ivel em: \emph{http://www.omg.org/spec/UML/2.1.2/Infrastructure/PDF/}},
note = {(Acessado 2 de Fevereiro de 2008)}
}

%--------------------------------------------------------------------------------------------

@inproceedings{Edwards,
 author = {Stephen H. Edwards},
 title = {Rethinking computer science education from a test-first perspective},
 booktitle = {OOPSLA '03: Companion of the 18th annual ACM SIGPLAN conference on Object-oriented programming, systems, languages, and applications},
 year = {2003},
 pages = {148-155},
 publisher = {ACM},
 }
 
 
%--------------------------------------------------------------------------------------------

@MISC{TDDisntAboutTest,
author = {Alistair Cockburn},
title = {{Dos equis driven design}},
year = {2006},
month = {Julho},
howpublished = {Dispon\'ivel em: \emph{http://\-alistair.\-cockburn.\-us/index.php/\-Dos\_equis\_driven\_design}},
note = {(Acessado 19 de Fevereiro de 2008)}
}

%--------------------------------------------------------------------------------------------

@MISC{JavaCodeConventions,
author = {{Sun Microsystems, Inc.}},
title = {{Code Conventions for the Java Programming Language}},
year = {1997},
howpublished = {Dispon\'ivel em: \emph{http://java.sun.com/docs/codeconv/}},
note = {(Acessado 25 de Junho de 2007)}
}

%--------------------------------------------------------------------------------------------

@BOOk{XP, 
author = {Beck, Kent},
title = {{Extreme Programming Explained: Embrace Change}},
year = {2000}, 
publisher = {Addison-Wesley},
}

%--------------------------------------------------------------------------------------------

@Book{theArtofSoftwareTesting,
author = {Myers, Glenford J. and Sandler, Corey and Badgett, Tom and Thomas, Todd M.},
publisher = {Wiley},
title = {{The Art of Software Testing}},
year = {2004}
}

%--------------------------------------------------------------------------------------------
 
 @article{mockObjectsSoftwareConstruction,
author = {Dave Thomas and Andy Hunt},
title = {{Mock Objects}},
journal = {{IEEE Software}},
volume = {19},
number = {3},
year = {2002},
pages = {22--24},
publisher = {IEEE Computer Society},
}

%--------------------------------------------------------------------------------------------
 
@InProceedings{NullObject,
author = {Bobby Woolf},
booktitle = {{Pattern Language of Programming (PloP)}},
title = {{The Null Object Pattern}},
year = {1996},
}

%--------------------------------------------------------------------------------------------

@BOOK{LearningJava,
author = {Patrick Niemeyer and Jonathan Knudsen},
year = {2005},
month = {Maio},
title = {Learning Java\texttrademark},
publisher = {O' Reilly},
pages = {976},
note = {3$^{\circ}$ Edi\c c\~ao}
}

%--------------------------------------------------------------------------------------------

@BOOK{kerievsky,
author = {Joshua Kerievsky},
year = {2004},
month = {Agosto},
title = {Refactoring to Patterns},
publisher = {{Addison-Wesley Professional}},
pages = {400},
}

%--------------------------------------------------------------------------------------------

@proceedings{NullObject,
 author = {Bobby Woolf},
 title = {{Null Object}},
 book = {Pattern languages of program design 3},
 year = {1997},
 pages = {5--18},
 publisher = {Addison-Wesley Longman Publishing Co., Inc.},
 }
 
%--------------------------------------------------------------------------------------------
 
@MISC{cookbook,
author = {Braga, Rosana T. V. and Masiero, P.C.},
title = {{Manual de Instancia\c c\~ao do Framework GREN usando a GRN}},
howpublished = {ICMC/USP, S\~ao Carlos - SP},
year = {2002},
note = {documento de trabalho, 94p.}
}

%--------------------------------------------------------------------------------------------

@article{PersistenceLayer,
title =	{{Connecting Business Objects to Relational Databases}},
author = {Yoder, Joseph W.  and Johnson, Ralph E. and Wilson, Quince D. and Douglas, Mcdonnell},
year = 	{1998},
journal = {{Fifth Conference on Patterns Languages of Programs (PLoP '98)}}
}

%--------------------------------------------------------------------------------------------

@MISC{Jude,
author = {JUDE},
title = {{JUDE UML Modeling Tool}},
year = {2008},
howpublished= {Dispon\'ivel em: \emph{http://jude.change-vision.com/jude-web/product/community.html}},
note = {(Acessado 24 de Abril de 2008)}
}

%--------------------------------------------------------------------------------------------

@MISC{Eclipse,
author = {Eclipse},
title = {{The Eclipse Foundation}},
year = {2012},
howpublished= {Dispon\'ivel em: \emph{http://www.eclipse.org/}},
note = {(Acessado 12 de Janeiro de 2012)}
}

%--------------------------------------------------------------------------------------------

@MISC{EclEmma,
author = {EclEmma},
title = {{EclEmma 1.3.1 -- Java Code Coverage for Eclipse}},
year = {2008},
howpublished= {Dispon\'ivel em: \emph{http://www.eclemma.org/}},
note = {(Acessado 1 de Mar\c co de 2008)}
}

%--------------------------------------------------------------------------------------------

@MISC{Ant,
author = {{Apache Ant}},
title = {{The Apache Ant Project}},
year = {2008},
howpublished= {Dispon\'ivel em: \emph{http://ant.apache.org/}},
note = {(Acessado 24 de Abril de 2008)}
}

%--------------------------------------------------------------------------------------------

@BOOK{ArchitecturePatterns,
author = {Martin Fowler},
year = {2002},
title = {{Patterns of Enterprise Application Architecture}},
publisher = {Addison-Wesley}
}

%--------------------------------------------------------------------------------------------

@BOOK{EffectiveJava,
author = {Joshua Bloch},
year = {2001},
title = {{Effective Java\texttrademark Programming Language Guide}},
publisher = {Prentice Hall PTR}
}

%--------------------------------------------------------------------------------------------

@article{SoftwareReuse,
author = {Shiva, Sajjan G. and Shala, Lubna Abou },
title = {{Software Reuse: Research and Practice}},
journal = {{International Conference on Information Technology}},
year = {2007},
pages = {603-609}
}

%--------------------------------------------------------------------------------------------

@article{patternsArchitectural,
author = {Neil B. Harrison and Paris Avgeriou and Uwe Zdun},
title = {{Using Patterns to Capture Architectural Decisions}},
journal = {IEEE Software},
volume = {24},
number = {4},
year = {2007},
pages = {38-45},
publisher = {IEEE Computer Society},
}

%--------------------------------------------------------------------------------------------

@book{AnalysisPatternsFowler,
author = {Fowler, Martin},
year = {1996},
title = {{Analysis Patterns: Reusable Object Models}},
publisher = {Addison-Wesley}, 
pages = {384}
}

%--------------------------------------------------------------------------------------------

@book{ImplementationPatterns,
author = {Beck, Kent},
year = {2007},
title = {{Implementation Patterns}},
publisher = {Addison-Wesley},
pages = {176},
}

%--------------------------------------------------------------------------------------------

@MISC{MySQL,
author = {MySQL},
title = {{MySQL}},
year = {2007},
howpublished= {Dispon\'ivel em: \emph{http://www.mysql.com/}},
note = {(Acessado 1 de Mar\c co de 2007)}
}

%--------------------------------------------------------------------------------------------

@article{silva, 
title = {{Evolu\c c\~ao Orientada a Aspectos de um Framework OO}},
author = {Maria T\^ania Francelino Silva and Rosana T. Vaccare Braga and Paulo Cesar Masiero},
journal = {Workshop de Manuten\c c\~ao de Software Moderna},
volume = {1},
year = {2004}
}

%--------------------------------------------------------------------------------------------

@phdThesis{CagninTese,
author = {Cagnin, Maria Istela},
title = {PARFAIT: uma contribui\c c\~ao para a reengenharia de software baseada em linguagens de padr\~oes e frameworks},
type = {Tese de Doutorado},
school = {ICMC/USP, S\~ao Carlos - SP},
year = {2005}
}

%--------------------------------------------------------------------------------------------

@MISC{JSP,
author = {{Sun Mi\-cro\-sys\-tems, Inc.}},
title = {{J2EE -- JavaServer Pages Technology}},
year = {2008},
howpublished = {Dispon\'ivel em: \emph{http://java.\-sun.\-com/\-products/\-jsp/}},
note = {(Acessado 25 de Abril de 2008)}
}

%--------------------------------------------------------------------------------------------

@MISC{Servlet,
author = {{Sun Mi\-cro\-sys\-tems, Inc.}},
title = {{J2EE -- Java Servlet Technology}},
year = {2008},
howpublished = {Dispon\'ivel em: \emph{http://java.sun.com/products/servlet/}},
note = {(Acessado 25 de Abril de 2008)}
}

%--------------------------------------------------------------------------------------------

@phdThesis{CamargoTese,
author = {Camargo, Valter Vieira},
title = {Frameworks transversais: defini\c c\~oes, classifica\c c\~oes, arquitetura e utiliza\c c\~ao em um processo de desenvolvimento software},
type = {Tese de Doutorado},
school = {ICMC/USP, S\~ao Carlos - SP},
year = {2006}
}

%--------------------------------------------------------------------------------------------

@BOOk{JavaReflection, 
author = {Ira R. Forman and Nate Forman},
title = {Java Reflection in Action},
year = {2004},
publisher = {Manning Publications},
}

%--------------------------------------------------------------------------------------------

@article{Durelli, 
title = {{Uma Proposta de Re\'uso de Interface Gr\'afica com o Usu\'ario Baseada no Padr\~ao Arquitetural MVC}},
author = {Vin\'icius Humberto Serapilha Durelli and Matheus Carvalho Viana and Ros\^angela Aparecida Dellosso Penteado},
journal = {IV Simp\'osio Brasileiro de Sistemas de Informa\c c\~ao},
year = {2008},
pages = {48-59}
}

%--------------------------------------------------------------------------------------------

@MISC{EasyMock,
author = {EasyMock},
title = {{EasyMock}},
year = {2008},
howpublished= {Dispon\'ivel em: \emph{http://www.easymock.org/}},
note = {(Acessado 15 de Janeiro de 2008)}
}
%--------------------------------------------------------------------------------------------

@article{alexander77,
  author = {Alexander, Christopher and Ishikawa, Sara and Silverstein, Murray},
  publisher = {Oxford University Press},
  title = {A Pattern Language : Towns, Buildings, Construction},
  year = 1977
}
%--------------------------------------------------------------------------------------------

@INPROCEEDINGS{Robillard, 
author={Robillard, M.R. and Murphy, G.C.}, 
booktitle={Software Engineering, 2002. ICSE 2002. Proceedings of the 24rd International Conference on}, 
title={Concern graphs: finding and describing concerns using structural program dependencies}, 
year={2002}, 
month={may}, 
pages={406 -416},   
}
%--------------------------------------------------------------------------------------------

@inproceedings{Kiczales,
  author    = {Gregor Kiczales and
               John Lamping and
               Anurag Mendhekar and
               Chris Maeda and
               Cristina Videira Lopes and
               Jean-Marc Loingtier and
               John Irwin},
  title     = {Aspect-Oriented Programming},
  booktitle = {ECOOP},
  year      = {1997},
  pages     = {220-242},
}

%--------------------------------------------------------------------------------------------

@inproceedings{pauloJunior,
  author    = {Parreira, P. A. and
               Costa, H. X. and
               Camargo, Valter Vieira de and
	     Penteado, Rosângela},
  title     = {Comscid - Um Apoio Computacional Customizável para a Identificação de Interesses Transversais em Sistemas Legados Orientados a Objetos},
  booktitle = {Workshop de Manutenção de Software Moderna - WMSWM},
  year      = {2010},
  pages     = {100-108},
}


%--------------------------------------------------------------------------------------------
@article{Baldi2,
 author = {Baldi, Pierre F. and Lopes, Cristina V. and Linstead, Erik J. and Bajracharya, Sushil K.},
 title = {A theory of aspects as latent topics},
 journal = {SIGPLAN Not.},
 month = {October},
 year = {2008},
 pages = {543--562},
 publisher = {ACM},
 address = {New York, NY, USA},
} 

%--------------------------------------------------------------------------------------------

@inproceedings{Serban2006,
 author = {Serban, Gabriela and Moldovan, Grigoreta Sofia},
 title = {A New k-means Based Clustering Algorithm in Aspect Mining},
 booktitle = {Proceedings of the Eighth International Symposium on Symbolic and Numeric Algorithms for Scientific Computing},
 year = {2006},
 pages = {69--74},
 publisher = {IEEE Computer Society},
 address = {Washington, DC, USA},
} 

%--------------------------------------------------------------------------------------------

@inproceedings{DanfengZhang2008,
 author = {Danfeng Zhang, and Yao Guo, and Xiangqun Chen,},
 title = {Automated Aspect Recommendation through Clustering-Based Fan-in Analysis},
 booktitle = {Proceedings of the 2008 23rd IEEE/ACM International Conference on Automated Software Engineering},
 year = {2008},
 pages = {278--287},
 publisher = {IEEE Computer Society},
 address = {Washington, DC, USA},
} 

%--------------------------------------------------------------------------------------------

@inproceedings{Garcia2000,
 author = {Garcia, Vinicius Cardoso and Lucrédio, Daniel and Prado, Antonio Francisco do and Eduardo Kessler and Zancanella, Luiz Carlos and Almeida, Eduardo},
 title = {Reengenharia de sistemas orientados a objetos através de transformações e mineração de aspectos},
 booktitle = {Proceedings of the third International Information and Telecommunication Technologies Symposium (I2TS'2004)},
 year = {2004},
 address = {São Carlos, SP, Brasil},
} 

%--------------------------------------------------------------------------------------------

@article{Robillard2007,
 author = {Robillard, Martin P. and Murphy, Gail C.},
 title = {Representing concerns in source code},
 journal = {ACM Trans. Softw. Eng. Methodol.},
 volume = {16},
 year = {2007},
 publisher = {ACM},
 address = {New York, NY, USA},
} 

%--------------------------------------------------------------------------------------------

@INPROCEEDINGS{Zhi2004, 
author={Zhi-Xiang Zhang and Qing-Hua Li and Ke-Rong Ben}, 
booktitle={Machine Learning and Cybernetics, 2004. Proceedings of 2004 International Conference on}, 
title={A new method for design pattern mining}, 
year={2004}, 
volume={3}, 
pages={ 1755 - 1759}, 

}

%--------------------------------------------------------------------------------------------
@inproceedings{Kiczales2001,
 author = {Kiczales, Gregor and Hilsdale, Erik and Hugunin, Jim and Kersten, Mik and Palm, Jeffrey and Griswold, William G.},
 title = {An Overview of AspectJ},
 booktitle = {Proceedings of the 15th European Conference on Object-Oriented Programming},
 year = {2001},
 pages = {327--353},
 publisher = {Springer-Verlag},
 address = {London, UK, UK},
} 
%--------------------------------------------------------------------------------------------
@inproceedings{Ferenc,
 author = {Ferenc, Rudolf and Beszedes, Arpad and Fulop, Lajos and Lele, Janos},
 title = {Design Pattern Mining Enhanced by Machine Learning},
 booktitle = {Proceedings of the 21st IEEE International Conference on Software Maintenance},
 year = {2005},
 pages = {295--304},
 publisher = {IEEE Computer Society},
 address = {Washington, DC, USA},
} 
%-------------------------------------------------------------------------------------------
@inproceedings{Ares,
 author = {Ares, J. and Dieste, O. and Garc\'{\i}a, R. and L\'{o}pez, M. and Rodr\'{\i}guez, S.},
 title = {Formalising the Software Evaluation Process},
 booktitle = {Proceedings of the XVIII International Conference of the Chilean Computer Science Society},
 year = {1998},
 pages = {15-19},
 publisher = {IEEE Computer Society},
 address = {Washington, DC, USA},
} 
%-------------------------------------------------------------------------------------------

@book{Wohlin,
 author = {Wohlin, Claes and Runeson, Per and H\"{o}st, Martin and Ohlsson, Magnus C. and Regnell, Bj\"{o}orn and Wessl\'{e}n, Anders},
 title = {Experimentation in software engineering: an introduction},
 year = {2000},
 publisher = {Kluwer Academic Publishers},
 address = {Norwell, MA, USA},
} 

%-----------------------------------------------------------------------------------------
@phdThesis{RosanaBragaTese,
author = {Braga, Rosana T. V.},
title = {Um processo para cons\-tru\-\c c\~ao e instancia\c c\~ao de frameworks baseados em uma linguagem de padr\~oes para um dom\'inio espec\'ifico},
type = {Tese de Doutorado},
school = {ICMC/USP, S\~ao Carlos - SP},
year = {2002}
}

%-----------------------------------------------------------------------------------------

@incollection{Kellens2007,
 author = {Kellens, Andy and Mens, Kim and Tonella, Paolo},
 chapter = {A survey of automated code-level aspect mining techniques},
 title = {Transactions on aspect-oriented software development IV},
 year = {2007},
 pages = {143--162},
 publisher = {Springer-Verlag},
 address = {Berlin, Heidelberg},
} 


%-------------------------------------------------------------------------------------------

@article{bisbal, 
author={Bisbal, J. and Lawless, D. and Bing Wu and Grimson, J.}, 
journal={Software, IEEE}, 
title={Legacy Information systems: issues and directions}, 
year={1999},
volume={16}, 
number={5}, 
pages={103 -111},}
%--------------------------------------------------------------------------------------------

@article{rosenberg, 
author={Rosenberg, L. H}, 
journal={Software, IEEE}, 
title={Software reengineering}, 
year={1996},
number={5}, 
pages={103 -111},}

%--------------------------------------------------------------------------------------------

@article{roMisc,
author = {Rosenberg, L. H},
title = {{Software reengineering}},
year = {1996},
howpublished= {Dispon\'ivel em: \emph{http://satc.gsfc.nasa.gov/support/reengrpt.PDF}},
note = {(Acessado 10 de Janeiro de 2012)}
}
%--------------------------------------------------------------------------------------------

@article{tilley,
author = {Tilley, S},
title = {{Perspectives on legacy system reengineering}},
year = {1995},
howpublished= {Dispon\'ivel em: \emph{http://www.sei.cmu. edu/~reengineering/pubs/lsysree/}},
note = {(Acessado 09 de Janeiro de 2012)}
}

%--------------------------------------------------------------------------------------------

@article{weiderman,
author = {Weiderman, N. H},
title = {{Approaches to legacy system evolution}},
year = {1997},
howpublished= {Dispon\'ivel em: \emph{http://www.dtic.mil/cgi-bin/GetTRDoc?Location=U2&doc=GetTRDoc.pdf&AD=ADA336213}},
note = {(Acessado 08 de Janeiro de 2012)}
}

%--------------------------------------------------------------------------------------------
@book{Marcaraf,
 author = {Marca, David A. and McGowan, Clement L.},
 title = {SADT: structured analysis and design technique},
 year = {1987},
 isbn = {0-07-040235-3},
 publisher = {McGraw-Hill, Inc.},
 address = {New York, NY, USA},
} 

%--------------------------------------------------------------------------------------------

% This file was created with JabRef 2.6.
% Encoding: ISO8859_1

@ARTICLE{Canfora2011,
  author = {Canfora, Gerardo and Di Penta, Massimiliano and Cerulo, Luigi},
  title = {Achievements and challenges in software reverse engineering},
  journal = {Commun. ACM},
  year = {2011},
  volume = {54},
  pages = {142--151},
  month = apr,
  acmid = {1924451},
  address = {New York, NY, USA},
  doi = {http://doi.acm.org/10.1145/1924421.1924451},
  issn = {0001-0782},
  issue = {4},
  issue_date = {April 2011},
  numpages = {10},
  publisher = {ACM},
  url = {http://doi.acm.org/10.1145/1924421.1924451}
}

@ARTICLE{Ceccato2009,
  author = {Ceccato, M. and Tonella, P.},
  title = {Dynamic aspect mining},
  journal = {Software, IET},
  year = {2009},
  volume = {3},
  pages = {321 -336},
  number = {4},
  month = {august },
  doi = {10.1049/iet-sen.2008.0108},
  issn = {1751-8806},
  keywords = {aspect identification;aspect-oriented programming;dynamic aspect mining;executed
	computational unit;legacy systems;software development;data mining;object-oriented
	programming;software engineering;}
}

@INPROCEEDINGS{Chouambe2008,
  author = {Chouambe, Landry and Klatt, Benjamin and Krogmann, Klaus},
  title = {Reverse Engineering Software-Models of Component-Based Systems},
  booktitle = {Proceedings of the 2008 12th European Conference on Software Maintenance
	and Reengineering},
  year = {2008},
  pages = {93--102},
  address = {Washington, DC, USA},
  publisher = {IEEE Computer Society},
  acmid = {1545404},
  isbn = {978-1-4244-2157-2},
  numpages = {10},
}

﻿@article {Valente2010,
   author = {Valente, Marco and Couto, Cesar and Faria, Jaqueline and Soares, Sérgio},
   affiliation = {UFMG Department of Computer Science Belo Horizonte Brazil},
   title = {On the benefits of quantification in AspectJ systems},
   journal = {Journal of the Brazilian Computer Society},
   publisher = {Springer London},
   issn = {0104-6500},
   keyword = {Computer Science},
   pages = {133-146},
   volume = {16},
   issue = {2},
   year = {2010}
}

@INPROCEEDINGS{Detten2011,
  author = {von Detten, Markus and Becker, Steffen},
  title = {Combining clustering and pattern detection for the reengineering
	of component-based software systems},
  booktitle = {Proceedings of the joint ACM SIGSOFT conference -- QoSA and ACM SIGSOFT
	symposium -- ISARCS on Quality of software architectures -- QoSA
	and architecting critical systems -- ISARCS},
  year = {2011},
  series = {QoSA-ISARCS '11},
  pages = {23--32},
  address = {New York, NY, USA},
  publisher = {ACM},
  acmid = {2000265},
  isbn = {978-1-4503-0724-6},
  keywords = {bad smell detection, clustering, metrics, reengineering, software
	architecture},
  location = {Boulder, Colorado, USA},
  numpages = {10},
}

@book{Pressman,
 author = {Pressman, Roger S.},
 title = {Software Engineering: A Practitioner's Approach},
 year = {2001},
 edition = {5th},
 publisher = {McGraw-Hill Higher Education},
} 


@ARTICLE{Dong2009,
  author = {Jing Dong and Yajing Zhao and Tu Peng},
  title = {A Review of Design Pattern Mining Techniques},
  journal = {International Journal of Software Engineering and Knowledge Engineering},
  year = {2009},
  volume = {19},
  pages = {823-855},
  number = {6},
  bibsource = {DBLP, http://dblp.uni-trier.de},
  ee = {http://dx.doi.org/10.1142/S021819400900443X}
}

@INPROCEEDINGS{Garcia2009,
  author = {Garcia, Joshua and Popescu, Daniel and Edwards, George and Medvidovic,
	Nenad},
  title = {Identifying Architectural Bad Smells},
  booktitle = {Proceedings of the 2009 European Conference on Software Maintenance
	and Reengineering},
  year = {2009},
  pages = {255--258},
  address = {Washington, DC, USA},
  publisher = {IEEE Computer Society},
  acmid = {1545447},
  doi = {10.1109/CSMR.2009.59},
  isbn = {978-0-7695-3589-0},
  keywords = {Software Maintenance, Software Architecture, Architectural Bad Smells,
	Architectural Refactoring},
  numpages = {4},
  url = {http://dl.acm.org/citation.cfm?id=1545011.1545447}
}

@ARTICLE{Grissa2010,
  author = {Dhouha Grissa and Sylvie Guillaume and Engelbert Mephu Nguifo},
  title = {Combining Clustering techniques and Formal Concept Analysis to characterize
	Interestingness Measures},
  journal = {CoRR},
  year = {2010},
  volume = {abs/1008.3629},
  bibsource = {DBLP, http://dblp.uni-trier.de},
  ee = {http://arxiv.org/abs/1008.3629}
}

@INPROCEEDINGS{Ishio2008,
  author = {Ishio, Takashi and Date, Hironori and Miyake, Tatsuya and Inoue,
	Katsuro},
  title = {Mining application-specific coding patterns for software maintenance},
  booktitle = {Proceedings of the 2008 AOSD workshop on Linking aspect technology
	and evolution},
  year = {2008},
  series = {LATE '08},
  pages = {3:1--3:5},
  address = {New York, NY, USA},
  publisher = {ACM},
  acmid = {1404956},
  articleno = {3},
  isbn = {978-1-60558-147-7},
  location = {Brussels, Belgium},
  numpages = {5},
}

@article{Kellens2007,
    title = {A Survey of Automated Code-Level Aspect Mining Techniques},
    author = {Andy Kellens and Kim Mens and Paolo Tonella},
    year = {2007},
    journal = {Transactions on Aspect-Oriented Software Development (TAOSD)},
    volume = {IV (Special Issue on Software Evolution)},
    pages =  {143-162},
    note = {Lecture Notes in Computer Science 4640},
  }

@INPROCEEDINGS{Mens2008,
  author = {Mens, Kim and Kellens, Andy and Krinke, Jens},
  title = {Pitfalls in Aspect Mining},
  booktitle = {Proceedings of the 2008 15th Working Conference on Reverse Engineering},
  year = {2008},
  pages = {113--122},
  address = {Washington, DC, USA},
  publisher = {IEEE Computer Society},
  acmid = {1448039},
  doi = {10.1109/WCRE.2008.10},
  isbn = {978-0-7695-3429-9},
  keywords = {aspect mining},
  numpages = {10},
  url = {http://dl.acm.org/citation.cfm?id=1447565.1448039}
}

@INPROCEEDINGS{Poshyvanyk2007,
  author = {Poshyvanyk, Denys and Marcus, Andrian},
  title = {Combining Formal Concept Analysis with Information Retrieval for
	Concept Location in Source Code},
  booktitle = {Proceedings of the 15th IEEE International Conference on Program
	Comprehension},
  year = {2007},
  pages = {37--48},
  address = {Washington, DC, USA},
  publisher = {IEEE Computer Society},
  acmid = {1271345},
  doi = {10.1109/ICPC.2007.13},
  isbn = {0-7695-2860-0},
  numpages = {12},
  url = {http://dl.acm.org/citation.cfm?id=1270394.1271345}
}

@ARTICLE{Silva2012,
  author = {De Silva, Lakshitha and Balasubramaniam, Lakshitha},
  title = {Controlling software architecture erosion: A survey},
  journal = {J. Syst. Softw.},
  year = {2012},
  volume = {85},
  pages = {132--151},
  month = jan,
  acmid = {2064359},
  address = {New York, NY, USA},
  issn = {0164-1212},
  issue = {1},
  issue_date = {January, 2012},
  keywords = {Architecture erosion, Controlling architecture erosion, Design erosion,
	Software architecture, Software decay, Survey},
  numpages = {20},
  publisher = {Elsevier Science Inc.}
}

@INPROCEEDINGS{Yuen2007,
  author = {Yuen, Isaac and Robillard, Martin P.},
  title = {Bridging the gap between aspect mining and refactoring},
  booktitle = {Proceedings of the 3rd workshop on Linking aspect technology and
	evolution},
  year = {2007},
  series = {LATE '07},
  address = {New York, NY, USA},
  publisher = {ACM},
  acmid = {1275673},
  articleno = {1},
  doi = {http://doi.acm.org/10.1145/1275672.1275673},
  isbn = {978-1-59593-655-4},
  location = {Vancouver, British Columbia, Canada},
  url = {http://doi.acm.org/10.1145/1275672.1275673}
}

@inproceedings{Kiczales1997,
  author    = {Gregor Kiczales and
               Cristina Videira Lopes and
               Bedir Tekinerdogan and
               Kim Mens},
  title     = {Aspect-Oriented Programming Workshop Report},
  booktitle = {ECOOP Workshops},
  year      = {1997},
  pages     = {483-496},
  ee        = {http://dx.doi.org/10.1007/3-540-69687-3_88},
  bibsource = {DBLP, http://dblp.uni-trier.de}
}

@inproceedings{Marin2006,
 author = {Marin, Marius and Moonen, Leon and van Deursen, Arie},
 title = {A common framework for aspect mining based on crosscutting concern sorts},
 booktitle = {Proceedings of the 13th Working Conference on Reverse Engineering},
 year = {2006},
 isbn = {0-7695-2719-1},
 pages = {29--38},
 numpages = {10},
 url = {http://dl.acm.org/citation.cfm?id=1174510.1174715},
 doi = {10.1109/WCRE.2006.6},
 acmid = {1174715},
 publisher = {IEEE Computer Society},
 address = {Washington, DC, USA},
} 

@book{ClementsBachmannEtAl03,
  author = {Clements, Paul and Bachmann, Felix and Bass, Len and Garlan, David and Ivers, James and Little, Reed and Nord, Robert and Stafford, Judith},
  address = {Boston, MA},
  interhash = {3c1efa6a75991a699cb574bb5fed479c},
  intrahash = {01e6d688ccfdcb11239a67746809bf6c},
  publisher = {Addison-Wesley},
  title = {Documenting Software Architectures: Views and Beyond},
  year = 2003,
  timestamp = {2010-10-29T16:56:23.000+0200},
  keywords = {software v1010 book architecture engineering},
  added-at = {2010-10-29T16:56:23.000+0200},
  file = {InformIT Product page:http\://www.informit.com/title/0201703726:URL;Amazon Search inside:http\://www.amazon.de/gp/reader/0201703726/:URL;Google Books:http\://books.google.de/books?isbn=978-0-201-70372-6:URL},
  isbn = {978-0-201-70372-6},
  biburl = {http://www.bibsonomy.org/bibtex/201e6d688ccfdcb11239a67746809bf6c/flint63},
  abstract = {For all but the most trivial software systems, you must pay close attention to the architecture---the conceptual glue that holds every phase of a project together for its many stakeholders. Without an architecture that is appropriate for the problem being solved, the project will stumble along or, most likely, fail. Even with a superb architecture, if that architecture is not well understood or well communicated---in other words, well documented---the project cannot be considered a complete success. Although architecture is now widely recognized as a critical element in software development, there has been little guidance independent of language or notation on how to capture it. Based on the authors' extensive experience, Documenting Software Architectures helps you decide what information to document, and then, with guidelines and examples (in various notations, including UML), shows you how to express an architecture in a form that everyone can understand. If you go to the trouble of creating a strong architecture, you must also be prepared to describe it thoroughly and clearly, and to organize it so that others can quickly find the information they need.}
}

@inproceedings{Nguyen2011,
 author = {Nguyen, Tung Thanh and Nguyen, Hung Viet and Nguyen, Hoan Anh and Nguyen, Tien N.},
 title = {Aspect recommendation for evolving software},
 booktitle = {Proceedings of the 33rd International Conference on Software Engineering},
 series = {ICSE '11},
 year = {2011},
 isbn = {978-1-4503-0445-0},
 location = {Waikiki, Honolulu, HI, USA},
 pages = {361--370},
 numpages = {10},
 acmid = {1985843},
 publisher = {ACM},
 address = {New York, NY, USA},
 keywords = {aspect mining, concern peer, cross-cutting concern},
} 

@book{Wohlin2000,
 author = {Wohlin, Claes and Runeson, Per and H\"{o}st, Martin and Ohlsson, Magnus C. and Regnell, Bj\"{o}orn and Wessl\'{e}n, Anders},
 title = {Experimentation in software engineering: an introduction},
 year = {2000},
 isbn = {0-7923-8682-5},
 publisher = {Kluwer Academic Publishers},
 address = {Norwell, MA, USA},
} 

@inproceedings{Ares1998,
 author = {Ares, J. and Dieste, O. and Garc\'{\i}a, R. and L\'{o}pez, M. and Rodr\'{\i}guez, S.},
 title = {Formalising the Software Evaluation Process},
 booktitle = {Proceedings of the XVIII International Conference of the Chilean Computer Science Society},
 year = {1998},
 pages = {15-19},
 publisher = {IEEE Computer Society},
 address = {Washington, DC, USA},
} 
@book{ganter1998formal,
  author = {Ganter, Bernhard and Wille, Rudolf},
  edition = 1,
  interhash = {823d089d80a52e06edc6356deda29851},
  intrahash = {9b302ec8fb3bbcd447a1c0033f09d643},
  publisher = {Springer},
  title = {Formal Concept Analysis: Mathematical Foundations},
  url = {http://www.amazon.com/Formal-Concept-Analysis-Mathematical-Foundations/dp/3540627715},
  year = 1998,
  timestamp = {2010-06-14T23:04:45.000+0200},
  ean = {9783540627715},
  keywords = {DataMining FormalConceptAnalysis},
  added-at = {2010-06-14T23:04:45.000+0200},
  asin = {3540627715},
  description = {Amazon.com: Formal Concept Analysis: Mathematical Foundations (9783540627715): Bernhard Ganter, Rudolf Wille, C. Franzke: Books},
  isbn = {3540627715},
  biburl = {http://www.bibsonomy.org/bibtex/29b302ec8fb3bbcd447a1c0033f09d643/macek},
  dewey = {511.33}
}

@book{Szyperski2002,
 author = {Szyperski, Clemens},
 title = {Component Software: Beyond Object-Oriented Programming},
 year = {2002},
 isbn = {0201745720},
 edition = {2nd},
 publisher = {Addison-Wesley Longman Publishing Co., Inc.},
 address = {Boston, MA, USA},
} 

@article{Pei2001,
author = {Jian Pei and Jiawei Han and Behzad Mortazavi-Asl and Helen Pinto and Qiming Chen and Umeshwar Dayal and Mei-Chun Hsu},
title = {PrefixSpan: Mining Sequential Patterns Efficiently by Prefix-Projected Pattern Growth},
journal ={Data Engineering, International Conference on},
volume = {0},
isbn = {0-7695-1001-9},
year = {2001},
pages = {0215},
doi = {http://doi.ieeecomputersociety.org/10.1109/ICDE.2001.914830},
publisher = {IEEE Computer Society},
address = {Los Alamitos, CA, USA},
}

@article{Marin2007,
 author = {Marin, Marius and Deursen, Arie Van and Moonen, Leon},
 title = {Identifying Crosscutting Concerns Using Fan-In Analysis},
 journal = {ACM Trans. Softw. Eng. Methodol.},
 volume = {17},
 issue = {1},
 month = {December},
 year = {2007},
 issn = {1049-331X},
 pages = {3:1--3:37},
 articleno = {3},
 numpages = {37},
 url = {http://doi.acm.org/10.1145/1314493.1314496},
 doi = {http://doi.acm.org/10.1145/1314493.1314496},
 acmid = {1314496},
 publisher = {ACM},
 address = {New York, NY, USA},
 keywords = {Aspect-oriented programming, crosscutting concerns, fan-in metric, reverse engineering},
} 

@article{Bruntink2005,
 author = {Bruntink, Magiel and van Deursen, Arie and van Engelen, Remco and Tourwe, Tom},
 title = {On the Use of Clone Detection for Identifying Crosscutting Concern Code},
 journal = {IEEE Trans. Softw. Eng.},
 volume = {31},
 issue = {10},
 month = {October},
 year = {2005},
 issn = {0098-5589},
 pages = {804--818},
 numpages = {15},
 url = {http://dl.acm.org/citation.cfm?id=1100866.1100978},
 doi = {10.1109/TSE.2005.114},
 acmid = {1100978},
 publisher = {IEEE Press},
 address = {Piscataway, NJ, USA},
 keywords = {Index Terms- Clone detection, reverse engineering, aspect-oriented programming, crosscutting concerns, aspect mining.},
} 

@inproceedings{Detten2010,
 author = {von Detten, Markus and Meyer, Matthias and Travkin, Dietrich},
 title = {Reverse engineering with the reclipse tool suite},
 booktitle = {Proceedings of the 32nd ACM/IEEE International Conference on Software Engineering - Volume 2},
 series = {ICSE '10},
 year = {2010},
 isbn = {978-1-60558-719-6},
 location = {Cape Town, South Africa},
 pages = {299--300},
 numpages = {2},
 url = {http://doi.acm.org/10.1145/1810295.1810360},
 doi = {http://doi.acm.org/10.1145/1810295.1810360},
 acmid = {1810360},
 publisher = {ACM},
 address = {New York, NY, USA},
} 

@INPROCEEDINGS{Makhoul99,
    author = {John Makhoul and Francis Kubala and Richard Schwartz and Ralph Weischedel},
    title = {Performance Measures For Information Extraction},
    booktitle = {In Proceedings of DARPA Broadcast News Workshop},
    year = {1999},
    pages = {249--252}
}

@article{Baldi2008,
 author = {Baldi, Pierre F. and Lopes, Cristina V. and Linstead, Erik J. and Bajracharya, Sushil K.},
 title = {A theory of aspects as latent topics},
 journal = {SIGPLAN Not.},
 issue_date = {September 2008},
 volume = {43},
 issue = {10},
 month = {October},
 year = {2008},
 issn = {0362-1340},
 pages = {543--562},
 numpages = {20},
 url = {http://doi.acm.org/10.1145/1449955.1449807},
 doi = {http://doi.acm.org/10.1145/1449955.1449807},
 acmid = {1449807},
 publisher = {ACM},
 address = {New York, NY, USA},
 keywords = {aspect-oriented programming, scattering, tangling, topic models},
} 

@inproceedings{DanfengZhang2008,
 author = {Danfeng Zhang and Yao Guo and Xiangqun Chen},
 title = {Automated Aspect Recommendation through Clustering-Based Fan-in Analysis},
 booktitle = {Proceedings of the 2008 23rd IEEE/ACM International Conference on Automated Software Engineering},
 series = {ASE '08},
 year = {2008},
 isbn = {978-1-4244-2187-9},
 pages = {278--287},
 numpages = {10},
 url = {http://dx.doi.org/10.1109/ASE.2008.38},
 doi = {http://dx.doi.org/10.1109/ASE.2008.38},
 acmid = {1642965},
 publisher = {IEEE Computer Society},
 address = {Washington, DC, USA},
 keywords = {ranking metric, automated aspect recommendation, clustering-based fan-in analysis, crosscutting concern, refactorable aspects, aspect mining, method clusters, lexical based clustering},
} 

@book{Gamma1994,
    abstract = {Four software designers present a catalog of simple and succinct solutions to commonly occurring design problems, using Smalltalk and C++ in example code. These 23 patterns allow designers to create more flexible, elegant, and ultimately reusable designs without having to rediscover the design solutions themselves. The authors begin by describing what patterns are and how they can help you design object-oriented software. They go on to systematically name, explain, evaluate, and catalog recurring designs in object-oriented {systems.--From} publisher description.},
    author = {Gamma, Erich and Helm, Richard and Johnson, Ralph and Vlissides, John},
    day = {10},
    edition = {1},
    howpublished = {Hardcover},
    isbn = {0201633612},
    keywords = {design, development, pattern, software},
    month = nov,
    posted-at = {2007-03-30 12:18:30},
    priority = {2},
    publisher = {Addison-Wesley Professional},
    title = {Design Patterns: Elements of Reusable {Object-Oriented} Software},
    url = {http://www.amazon.com/exec/obidos/redirect?tag=citeulike07-20\&path=ASIN/0201633612},
    year = {1994}
}

@inproceedings{Balanyi2003,
 author = {Balanyi, Zsolt and Ferenc, Rudolf},
 title = {Mining Design Patterns from C++ Source Code},
 booktitle = {Proceedings of the International Conference on Software Maintenance},
 series = {ICSM '03},
 year = {2003},
 isbn = {0-7695-1905-9},
 pages = {305--},
 url = {http://dl.acm.org/citation.cfm?id=942800.943608},
 acmid = {943608},
 publisher = {IEEE Computer Society},
 address = {Washington, DC, USA},
} 

@inproceedings{Lavallee2011,
 author = {Lavall{\'e}e, Mathieu and Robillard, Pierre N.},
 title = {Causes of premature aging during software development: an observational study},
 booktitle = {Proceedings of the 12th International Workshop on Principles of Software Evolution and the 7th annual ERCIM Workshop on Software Evolution},
 series = {IWPSE-EVOL '11},
 year = {2011},
 isbn = {978-1-4503-0848-9},
 location = {Szeged, Hungary},
 pages = {61--70},
 numpages = {10},
 url = {http://doi.acm.org/10.1145/2024445.2024458},
 doi = {http://doi.acm.org/10.1145/2024445.2024458},
 acmid = {2024458},
 publisher = {ACM},
 address = {New York, NY, USA},
 keywords = {design erosion, post-implementation design, pre-implementation design, software aging},
} 

@inproceedings{Lehman1997,
 author = {Lehman, M M. and Ramil, J F. and Wernick, P D. and Perry, D E. and Turski, W M.},
 title = {Metrics and Laws of Software Evolution - The Nineties View},
 booktitle = {Proceedings of the 4th International Symposium on Software Metrics},
 year = {1997},
 isbn = {0-8186-8093-8},
 pages = {20--},
 url = {http://dl.acm.org/citation.cfm?id=823454.823901},
 acmid = {823901},
 publisher = {IEEE Computer Society},
 address = {Washington, DC, USA},
 keywords = {Lehman's laws, Software:- process, evolution, process metrics, dynamics and improvement},
} 

@book{brown1998antipatterns,
  added-at = {2010-11-23T17:38:05.000+0100},
  asin = {0471197130},
  author = {Brown, William J. and Malveau, Raphael C. and McCormick, Hays W. "Skip" and Mowbray, Thomas J.},
  biburl = {http://www.bibsonomy.org/bibtex/2c893d9d1391d31885d6c1a3e215f71a9/schmidt2},
  description = {AntiPatterns: Refactoring Software, Architectures, and Projects in Crisis: Refactoring Software, Architecture and Projects in Crisis: Amazon.de: William J. Brown, Raphael C. Malveau, Hays W. "Skip" McCormick, Thomas J. Mowbray: Englische Bücher},
  dewey = {005.1},
  ean = {9780471197133},
  edition = {1. Auflage},
  interhash = {1ddde90f715ecbbf4a21010252e83a6a},
  intrahash = {c893d9d1391d31885d6c1a3e215f71a9},
  isbn = {0471197130},
  keywords = {books software wiley anti_patterns},
  timestamp = {2010-11-23T17:38:05.000+0100},
  title = {AntiPatterns: Refactoring Software, Architectures, and Projects in Crisis: Refactoring Software, Architecture and Projects in Crisis},
  year = 1998
}

@article{Moha2010,
 author = {Moha, Naouel and Gueheneuc, Yann-Gael and Duchien, Laurence and Le Meur, Anne-Francoise},
 title = {DECOR: A Method for the Specification and Detection of Code and Design Smells},
 journal = {IEEE Trans. Softw. Eng.},
 issue_date = {January 2010},
 volume = {36},
 issue = {1},
 month = {January},
 year = {2010},
 issn = {0098-5589},
 pages = {20--36},
 numpages = {17},
 url = {http://dx.doi.org/10.1109/TSE.2009.50},
 doi = {http://dx.doi.org/10.1109/TSE.2009.50},
 acmid = {1729592},
 publisher = {IEEE Press},
 address = {Piscataway, NJ, USA},
 keywords = {Antipatterns, design smells, code smells, specification, metamodeling, detection, Java.},
} 

@article{Bennett1995,
author = {Keith Bennett},
title = {Legacy Systems: Coping with Success},
journal ={IEEE Software},
volume = {12},
issn = {0740-7459},
year = {1995},
pages = {19-23},
doi = {http://doi.ieeecomputersociety.org/10.1109/52.363157},
publisher = {IEEE Computer Society},
address = {Los Alamitos, CA, USA},
}

%--------------------------------------------------------------------------------------------%--------------------------------------------------------------------------------------------%--------------------------------------------------------------------------------------------%--------------------------------------------------------------------------------------------%--------------------------------------------------------------------------------------------%--------------------------------------------------------------------------------------------%--------------------------------------------------------------------------------------------%--------------------------------------------------------------------------------------------%--------------------------------------------------------------------------------------------%--------------------------------------------------------------------------------------------%--------------------------------------------------------------------------------------------%--------------------------------------------------------------------------------------------%--------------------------------------------------------------------------------------------%--------------------------------------------------------------------------------------------%--------------------------------------------------------------------------------------------%--------------------------------------------------------------------------------------------%--------------------------------------------------------------------------------------------%--------------------------------------------------------------------------------------------%--------------------------------------------------------------------------------------------%--------------------------------------------------------------------------------------------%--------------------------------------------------------------------------------------------%--------------------------------------------------------------------------------------------%--------------------------------------------------------------------------------------------%--------------------------------------------------------------------------------------------%--------------------------------------------------------------------------------------------%--------------------------------------------------------------------------------------------%--------------------------------------------------------------------------------------------%--------------------------------------------------------------------------------------------%--------------------------------------------------------------------------------------------%--------------------------------------------------------------------------------------------%--------------------------------------------------------------------------------------------%--------------------------------------------------------------------------------------------%--------------------------------------------------------------------------------------------%--------------------------------------------------------------------------------------------%--------------------------------------------------------------------------------------------%--------------------------------------------------------------------------------------------%--------------------------------------------------------------------------------------------%--------------------------------------------------------------------------------------------%--------------------------------------------------------------------------------------------%--------------------------------------------------------------------------------------------%--------------------------------------------------------------------------------------------%--------------------------------------------------------------------------------------------%--------------------------------------------------------------------------------------------%--------------------------------------------------------------------------------------------%--------------------------------------------------------------------------------------------%--------------------------------------------------------------------------------------------%--------------------------------------------------------------------------------------------%--------------------------------------------------------------------------------------------%--------------------------------------------------------------------------------------------%--------------------------------------------------------------------------------------------%--------------------------------------------------------------------------------------------%--------------------------------------------------------------------------------------------%--------------------------------------------------------------------------------------------%--------------------------------------------------------------------------------------------%--------------------------------------------------------------------------------------------%--------------------------------------------------------------------------------------------%--------------------------------------------------------------------------------------------%--------------------------------------------------------------------------------------------%--------------------------------------------------------------------------------------------%--------------------------------------------------------------------------------------------%--------------------------------------------------------------------------------------------%--------------------------------------------------------------------------------------------%--------------------------------------------------------------------------------------------%--------------------------------------------------------------------------------------------%--------------------------------------------------------------------------------------------%--------------------------------------------------------------------------------------------%--------------------------------------------------------------------------------------------%--------------------------------------------------------------------------------------------%--------------------------------------------------------------------------------------------%--------------------------------------------------------------------------------------------%--------------------------------------------------------------------------------------------%--------------------------------------------------------------------------------------------%--------------------------------------------------------------------------------------------%--------------------------------------------------------------------------------------------%--------------------------------------------------------------------------------------------%--------------------------------------------------------------------------------------------%--------------------------------------------------------------------------------------------%--------------------------------------------------------------------------------------------