@string{ieees={{{IEEE} Software}}}
@string{jss={{Journal of Systems and Software}}}


@inproceedings{Tian09,
 author = {Tian, Pei and Wang, Jiancheng and Leng, Huaijing and Qiang, Kai},
 title = {Construction of Distributed Embedded Software Testing Environment},
 booktitle = {Proceedings of the 2009 International Conference on Intelligent Human-Machine Systems and Cybernetics - Volume 01},
 year = {2009},
 pages = {470--473},
 publisher = {IEEE Computer Society},
 address = {Washington, DC, USA},
} 


@MISC{MSRS06,
  author    = {{Microsoft Robotics}},
  year      = {2006},
  howpublished = {Online},
  title     = {{Microsoft Robotics Studio}},
  note      = {\url{http://www.microsoft.com/robotics/} - Acessado em 22/01/2011},
}



@inproceedings{Haseeb08,
 author = {Haseeb, Abdul and Matskin, Mihhail and K\"{u}ngas, Peep},
 title = {Mediator-Based Distributed Web Services Discovery and Invocation for Infrastructure-Less Mobile Dynamic Systems},
 booktitle = {Proceedings of the 2008 4th International Conference on Next Generation Web Services Practices},
 year = {2008},
 isbn = {978-0-7695-3455-8},
 pages = {46--53},
 numpages = {8},
 publisher = {IEEE Computer Society},
 address = {Washington, DC, USA},
} 

@inproceedings{Vasiliu06,
 author = {Vasiliu, Laurentiu and Sakpota, Brahmananda and Kim, Hong-Gee},
 title = {A Semantic Web Services Driven Application on Humanoid Robots},
 booktitle = {Proceedings of the The Fourth IEEE Workshop on Software Technologies for Future Embedded and Ubiquitous Systems, and the Second International Workshop on Collaborative Computing, Integration, and Assurance (SEUS-WCCIA'06)},
 year = {2006},
 pages = {236--244},
 numpages = {9},
 publisher = {IEEE Computer Society},
 address = {Washington, DC, USA},
} 



@BOOK{Marwedel06,
  author     = {Marwedel, P.},
  title      = {Embedded system design},
  year       = {2006},
  publisher  = {Springer},
  address    = {Netherlands},
}

@BOOK{FRANK,
 author    = {Frank Vahid and Tony D. Givargis},
 title     = {Embedded System Design: A Unified Hardware/Software introduction},
 publisher = {Wiley Higher Education},
 year      =  {2002},
 address   = {California},
 edition   = {1}
}

@inproceedings{Chen08,
 author    = {Chen, Yinong and Abhyankar, S. and Xu, L. and Tsai, W. T. and Garcia-Acosta, Marcos},
 title     = {Developing a Security Robot in Service-Oriented Architecture},
 booktitle = {Proceedings of the 2008 12th IEEE International Workshop on Future Trends of Distributed Computing Systems},
 year      = {2008},
 isbn      = {978-0-7695-3377-3},
 pages     = {106--111},
 publisher = {IEEE Computer Society},
 address   = {Washington, DC, USA},
} 

@inproceedings{Mokarizadeh09,
 author    = {Mokarizadeh, Shahab and Grosso, Alberto and Matskin, Mihhail and Kungas, Peep and Haseeb, Abdul},
 title     = {Applying Semantic Web Service Composition for Action Planning in Multi-robot Systems},
 booktitle = {Proceedings of the 2009 Fourth International Conference on Internet and Web Applications and Services},
 year      = {2009},
 isbn      = {978-0-7695-3613-2},
 pages     = {370--376},
 numpages  = {7},
 publisher = {IEEE Computer Society},
 address   = {Washington, DC, USA},
} 

@TECHREPORT{Sabnis07,
  author    = {Ashutosh A. Sabnis and Ashay S. Rane},
  title     = {Service Oriented Computing in Embedded Systems}, 
  institution =  {Department of Computer Science and Engineering, Arizona State University}, 
  year      = {2007},
  type      = {White Paper},
  address   = {Tempe, Arizona, USA},
}


@ARTICLE {Tsai07,
   author  = {Tsai, Wei-Tek and Wei, Xiao and Paul, Ray and Chung, Jen-Yao and Huang, Qian and Chen, Yinong},
   affiliation = {Arizona State University Department of Computer Science and Engineering Tempe AZ 85287-8809 USA Tempe AZ 85287-8809 USA},
   title   = {Service-oriented system engineering (SOSE) and its applications to embedded system development},
   journal = {Service Oriented Computing and Applications},
   publisher = {Springer London},
   keyword = {Computer Science},
   pages   = {3-17},
   volume  = {1},
   issue   = {1},
   year    = {2007}
}

@ARTICLE{Liggesmeyer09TESSr,
 author    = {Liggesmeyer, Peter and Trapp, Mario},
 title     = {Trends in Embedded Software Engineering},
 journal   = ieees,
 volume    = {26},
 number    = {3},
 year      = {2009},
 pages     = {19--25},
}

@ARTICLE{Graaf03ESES,
  author   = {Graaf, B. and Lormans, M. and Toetenel, H.},
  title    = {Embedded software engineering: the state of the practice},
  journal  = ieees,
  year     = {2003},
  volume   = {20},
  pages    = {61--69},
  number   = {6}
}

@MISC{FOX_1999,
 author    = {Fox, Dieter and Burgard, Wolfram and Thrun, Sebastian},
 title     = {Markov Localization for Reliable Robot Navigation and People Detection},
 pages     = {1--20},
 doi       = {10.1007/10705474_1},
 year      = {1999}
}

@INBOOK{WOLF_2009,
 author     = {Wolf, D. F. and Osório, F. S. and Simões, E. and Trindade Jr., O.},
 publisher  = {André Ponce de Leon F. de Carvalho e Tomasz Kowaltowski},
 title      = {Robótica Inteligente: Da Simulação às Aplicações no Mundo Real}, 
 series     = {JAI: Jornada de Atualização em Informática da SBC},
 address    = {PUC Rio - Rio de Janeiro},
 pages      = {279-330},
 volume     = {1},
 year       = {2009}
}

@ARTICLE{THRUN_2005,
 author     = {Thrun, S. and Burgard, W. and Fox, D.},
 journal    = {{Cambridge: The MIT Press}},
 pages      = {667},
 title      = {Probabilistic Robotics}, 
 year       = {2005}
}

@ARTICLE{Agrawal98MSTA,
  author    = {Hira Agrawal and James L. Alberi and Joseph R. Horgan and J. Jenny Li and Saul 
               London and W. Eric Wong and Sudipto Ghosh and Norman Wilde},
  title     = {Mining System Tests to Aid Software Maintenance},
  journal   = {IEEE Computer},
  volume    = {31},
  issn      = {0018-9162},
  year      = {1998},
  pages     = {64-73},
  publisher = {IEEE Computer Society},
  address   = {Los Alamitos, CA, USA},
}

@TECHREPORT{Agrawal89DMO,
  author    = {H. Agrawal and R. A. DeMillo and R. Hathaway and Willian Hsu and 
               Wynne Hsu and E. W. Krauser and R. J. Martin and A. P. Mathur and E. H. Spafford},
  title     = {Design of Mutant Operators for the {C} Programming Language},
  institution =  {Software Engineering Research Center, Purdue University},
  year      = {1989},
  type      = {Tech. Report},
  number    = {SERC-TR41-P},
  address   = {West Lafayette/IN - USA},
}

@BOOK{Andriole86VVT,
  author     = {Andriole, Stephen J.},
  title      = {Software Validation, Verification, Testing and Documentation: A Source Book},
  year       = {1986},
  isbn       = {0894332694},
  publisher  = {Petrocelli Books, Inc.},
  address    = {Princeton, NJ, USA},
}

@INPROCEEDINGS{Angelov08TMERr,
  author    = {Samuil Angelov and Jos J. Trienekens and Paul Grefen},
  title     = {Towards a Method for the Evaluation of Reference Architectures: Experiences from a Case},
  booktitle = {Proceedings of the 2$^{nd}$ European Conference on Software Architecture (WICSA/ECSA 2008) },
  year      = {2008},
  isbn      = {978-3-540-88029-5},
  pages     = {225--240 (LNCS v.5292)},
  publisher = {Springer-Verlag},
  address   = {Paphos, Cyprus},
}

@ARTICLE{Angelov08ERA,
 author     = {Samuil Angelov and Paul Grefen},
 title      = {An e-contracting reference architecture},
 journal    = {The Journal of Systems and Software},
 volume     = {81},
 number     = {11},
 year       = {2008},
 issn       = {0164-1212},
 pages      = {1816--1844},
 publisher  = {Elsevier Science Inc.},
 address    = {New York, NY, USA},
 }

@INPROCEEDINGS{Angelov09CSRA,
  author    = {Samuil Angelov and Paul W. P. J. Grefen and Danny Greefhorst},
  title     = {A classification of software reference architectures: Analyzing their success and effectiveness},
  booktitle = {Proceedings of the 8$^{th}$  Working IEEE/IFIP Conference on Software Architecture (WICSA 2009)},
  year      = {2009},
  pages     = {141-150},
  month     = {Sep},
  address   = {Cambridge, UK},
}

@misc{Apoio09,
   author   = {Ellen Francine Barbosa},
   title    = {{Apoio ao Desenvolvimento de Módulos Educacionais: Ontologias e Arquiteturas de Referência}},
   year     = {2009},
   note     = {Instituto de Ciências Matemáticas e de Computação - {ICMC/USP}, São Carlos, SP.
   (Projeto aprovado no Edital MCT/CNPq 14/2009 - Universal e coordenado pelo Profa. Ellen Francine Barbosa)},
}

@ARTICLE{Arsanjani07S3,
  author     = {Arsanjani, A. and Zhang, L.-J. and Ellis, M. and Allam, A. and Channabasavaiah, K.},
  title      = {{S3}: {A} service-oriented reference architecture},
  journal    = {{IT} Professional},
  year       = {2007},
  volume     = {9},
  pages      = {10-17},
  number     = {3},
  issn       = {15209202},
}

@MISC{Axis2,
  author    = {{Apache Foundation}},
  year      = {2010},
  howpublished = {Online},
  title     = {{Apache Axis2 User`s Guide}},
  note      = {\url{http://ws.apache.org/axis2} - Acessado em 03/12/2010},
}

@INPROCEEDINGS{Babar04CSSAr,
  author     = {Babar, M.A. and Gorton, I.},
  title      = {Comparison of scenario-based software architecture evaluation methods},
  booktitle  = {Proceedings of the 11$^{th}$ Asia-Pacific Software Engineering Conference (APSEC 2004)},
  year       = {2004},
  pages      = {600--607},
  month      = {Nov.},
  issn       = {1530-1362},
  address    = {Busan, Korea},
}

@INPROCEEDINGS{Bai08OBTM,
 author      = {Bai, Xiaoying and Lee, Shufang and Tsai, Wei-Tek and Chen, Yinong},
 title       = {Ontology-Based Test Modeling and Partition Testing of Web Services},
 booktitle   = {Proceedings of the 6$^{th}$ IEEE International Conference on Web Services (ICWS 2008)},
 year        = {2008},
 isbn        = {978-0-7695-3310-0},
 pages       = {465--472},
 publisher   = {IEEE Computer Society},
 address     = {Washington, DC, USA},
}

@BOOK{Bass03SAPRr,
  title      = {Software Architecture in Practice},
  publisher  = {Addison-Wesley},
  year       = {2003},
  author     = {Len Bass and Paul Clements and Rick Kazman},
}

@INPROCEEDINGS{Baldamusa04WSNA,
  author     = {Michael Baldamusa and Jesper Bengtsona and Gianluigi Ferrari and Roberto Raggi},
  title      = {Web Services as a New Approach to Distributing and Coordinating Semantics-Based Verification Toolkits},
  booktitle  = {Proceedings of the 1$^{st}$ International Workshop on Web Services and Formal Methods (WSFM 2004)},
  year       = {2004},
  month      = {Feb},
  address    = {Pisa, Italy},
}

@ARTICLE{Baniassad06DEA,
    title   = {Discovering early aspects},
    author  = {Baniassad, Elisa and Clements, Paul and Jo and Moreira, Ana and Rashid, Awais and Tekinerdo\u{g}an, Bedir},
    journal = {IEEE Software},
    number  = {1},
    pages   = {61--70},
    volume  = {23},
    year    = {2006}
}

@INPROCEEDINGS{Barbosa06TEOS,
  author    = {E. F. Barbosa and E. Y. Nakagawa and J. C. Maldonado},
  title     = {Towards the Establishment of an Ontology of Software Testing},
  booktitle = {Proceedings of the 18$^{th}$ International Conference on Software Engineering and Knowledge Engineering (SEKE 2006)},
  year      = {2006},
  address   = {San Francisco Bay, USA},
  month     = {jul},
}

@INPROCEEDINGS{Barcelos06ARCH,
  author    = {Rafael Ferreira Barcelos and Guilherme Horta Travassos},
  title     = {Arq{C}heck: Uma abordagem para inspeção de documentos arquiteturais baseada em checklist},
  booktitle = {Anais do 5$^{o}$ Simpósio Brasileiro de Qualidade de Software (SBQS 2006)},
  year      = {2006},
  pages     = {175--189},
  address   = {Vila Velha, ES},
}

@INPROCEEDINGS{Barcelos06EASA,
  author     = {Rafael Ferreira Barcelos and Guilherme Horta Travassos},
  title      = {Evaluation approaches for software architectural documents: a systematic review},
  booktitle  = {Proceedings of the 9$^{th}$ Ibero-American Workshop on Requirements Engineering and Software Environments (IDEAS 2006)},
  year       = {2006},
  address    = {La Plata, Argentina},
  pages      = {433--446},
}

@INPROCEEDINGS{Bartolini08ISOCT,
  title     = {Introducing service-oriented coverage testing.},
  author    = {Cesare Bartolini and Antonia Bertolino and Eda Marchetti},
  booktitle = {Proceedings of the  23$^{rd}$ ACM/IEEE International Conference on Automated Software Engineering (ASE 2008)},
  pages     = {57-64},
  publisher = {IEEE},
  year      = {2008},
  address   = {L'Aquila, Italy},
  isbn      = {978-1-4244-2776-5},
  date      = {2009-03-02}
}

@ARTICLE{Bengtsson04ALMA,
  author    = {Bengtsson, Perlof and Lassing, Nico and Bosch, Jan and van Vliet, Hans},
  title     = {Architecture-level modifiability analysis ({ALMA})},
  journal   = {Journal of Systems and Software},
  year      = {2004},
  volume    = {69},
  pages     = {129--147},
  number    = {1-2},
  address   = {New York, NY, USA},
  doi       = {http://dx.doi.org/10.1016/S0164-1212(03)00080-3},
  issn      = {0164-1212},
  publisher = {Elsevier Science Inc.}
}


@BOOK{Binder99Book,
  title     = {Testing object-oriented systems: Models, patterns, and tools},
  publisher = {Addison-Wesley},
  year      = {1999},
  author    = {Robert V. Binder},
  edition   = {1},
}

@TECHREPORT{Biolchini05SRSE,
  author    = {Jorge Biolchini and Paula Gomes Mian and Ana Candida Cruz Natali and Guilherme Horta Travassos},
  title     = {Systematic Review in Software Engineering},
  institution =  {Departamento de Engenharia de Sistemas e Ciência da Computação, COPPE/UFRJ},
  year      = {2005},
  type      = {Tech. Report},
  number    = {RT-ES 679/05},
  address   = {Rio de Janeiro, RJ},
}

@TECHREPORT{Biolchini05SRSEi,
  author    = {Jorge Biolchini and Paula Gomes Mian and Ana Candida Cruz Natali and Guilherme Horta Travassos},
  title     = {Systematic Review in Software Engineering},
  institution =  {Systems Engineering and Computer Science Dept., COPPE/UFRJ},
  year      = {2005},
  type      = {Tech. Report},
  number    = {RT-ES 679/05},
  address   = {Rio de Janeiro, RJ, Brazil},
}

@INPROCEEDINGS{Boehm06VCSE,
  author     = {Boehm, Barry},
  title      = {A view of 20$^{th}$ and 21$^{st}$ century software engineering},
  booktitle  = {Proceedings of the 28$^{th}$ International Conference on Software Engineering (ICSE 2006)},
  year       = {2006},
  isbn       = {1-59593-375-1},
  location   = {Shanghai, China},
  pages      = {12--29},
  numpages   = {18},
  publisher  = {ACM},
  address    = {New York, NY, USA},
}

@INPROCEEDINGS{Borges95POKE,
  author    = {K. N. Borges and F. S. Ramos and J. C. Maldonado and M. L. Chaim and M. Jino},
  title     = {Poke-{T}ool Versão {C}lipper - {U}ma Ferramenta para Suporte ao Teste Estrutural 
              de Programas Baseado em Análise de Fluxo de Dados},
  booktitle = {Sessão de Ferramentas do 9$^{o}$ Simpósio Brasileiro de Engenharia de Software (SBES 1995)},
  year      = {1995},
  address   = {Recife, PE},
}

@INPROCEEDINGS{Brehm07WSBE,
  author    = {Nico Brehm and Jorge Marx Gómez},
  title     = {Web Service-Based Specification and Implementation of Functional Components in Federated {ERP}-Systems},
  booktitle = {Proceedings of the 10$^{th}$ International Conference on Business Information Systems (BIS 2007)},
  year      = {2007},
  publisher = {Springer-Verlag},
  pages     = {134-146 (LNCS v.4439)},
  address   = {Poznan, Poland},
  isbn      = {978-3-540-72034-8},
  month     = {Apr},
}


@MISC{Budd81Misc,
  author   = {Timothy A. Budd},
  title    = {Mutations Analysis: Ideas, examples and prospects},
  howpublished = {Computer Program Testing North-Holand Publishing Company},
  year     = {1981},
  note     = {p. 129-148},
}

@BOOK{Buschmann96PSAS,
  title     = {Pattern-Oriented Software Architecture: A System of Patterns},
  publisher = {John Wiley \& Sons, Inc.},
  year      = {1996},
  author    = {Frank Buschmann and Regine Meunier and Hans Rohnert and Peter Sommerlad and Michael Stal},
}

@ARTICLE{Cangussu02FMST,
 author    = {Cangussu, J. W. and DeCarlo, Raymond A. and Mathur, Aditya P.},
 title     = {A formal model of the software test process},
 journal   = {IEEE Transactions on Software Engineering},
 volume    = {28},
 number    = {8},
 year      = {2002},
 issn      = {0098-5589},
 pages     = {782--796},
 publisher = {IEEE Press},
 address   = {Piscataway, NJ, USA},
}

@ARTICLE{Cangussu03USAV,
  author    = {Cangussu, J. W. and Raymond A. DeCarlo and Aditya P. Mathur},
  title     = {Using Sensitivity Analysis to Validate a State Variable Model of the Software Test Process},
  journal   = {IEEE Transactions on Software Engineering},
  volume    = {29},
  issn      = {0098-5589},
  year      = {2003},
  pages     = {430-443},
  publisher = {IEEE Computer Society},
  address   = {Los Alamitos, CA, USA},
}

@INPROCEEDINGS{Canfora05QoS,
 author     = {Canfora, Gerardo and Di Penta, Massimiliano and Esposito, Raffaele and Villani, Maria Luisa},
 title      = {An approach for {QoS}-aware service composition based on genetic algorithms},
 booktitle  = {Proceedings of the Conference on Genetic and Evolutionary Computation (GECCO 2005)},
 year       = {2005},
 isbn       = {1-59593-010-8},
 pages      = {1069--1075},
 location   = {Washington DC, USA},
 doi        = {http://doi.acm.org/10.1145/1068009.1068189},
 publisher  = {ACM},
 address    = {New York, NY, USA},
 }

@ARTICLE{Canfora06TSSC,
  author    = {Gerardo Canfora and Massimiliano Di Penta},
  title     = {Testing Services and Service-Centric Systems: Challenges and Opportunities},
  journal   = {{IT} Professional},
  volume    = {8},
  issn      = {1520-9202},
  year      = {2006},
  pages     = {10-17},
  publisher = {IEEE Computer Society},
  address   = {Los Alamitos, CA, USA},
}

@ARTICLE{Canfora08QoS,
 author     = {Canfora, Gerardo and Di Penta, Massimiliano and Esposito, Raffaele and Villani, Maria Luisa},
 title      = {A framework for {QoS}-aware binding and re-binding of composite web services},
 journal    = {Journal of Systems and Software},
 volume     = {81},
 number     = {10},
 year       = {2008},
 issn       = {0164-1212},
 pages      = {1754--1769},
 doi        = {http://dx.doi.org/10.1016/j.jss.2007.12.792},
 publisher  = {Elsevier Science Inc.},
 address    = {New York, NY, USA},
 }

@BOOK{Clements02ESAR,
  author     = {Paul Clements and R. Kazman and M. Klein},
  title      = {Evaluating Software Architectures: Methods and Case Studies},
  publisher  = {Addison-Wesley},
  year       = {2002},
  series     = {The {SEI} Series in Software Engineering},
  address    = {Boston, MA},
}

@MASTERSTHESIS{Chain91POKE,
  author     = {Chaim, Marcos Lordello},
  title      = {{Poke-Tool} -- {U}ma ferramenta para o suporte ao teste estrutural de programas baseados em análise de fluxo de dados},
  school     = {DCA/FEE/UNICAMP},
  year       = {1991},
  address    = {Campinas, SP},
  month      = {Abr},
}

@INPROCEEDINGS{Choi09DRAN,
  author     = {Choi, H. and Lim, C. and Kim, J.},
  title      = {Defining reference architecture for {NTIS} development},
  booktitle  = {Proceedings of the 11$^{th}$ International Conference on Advanced Communication Technology (ICACT 2009)},
  year       = {2009},
  volume     = {1},
  pages      = {284-287},
  isbn       = {9788955191387},
  issn       = {17389445},
  month      = {Abr},
  address    = {Phoenix Park, Korea},
}

@ARTICLE{Chusho87SCORE,
  author     = {Chusho, T.},
  title      = {Test Data Selection and Quality Estimation Based on the Concept of Essential Branches for Path Testing},
  journal    = {IEEE Transaction on Software Engineering},
  volume     = {13},
  number     = {5},
  year       = {1987},
  issn       = {0098-5589},
  pages      = {509--517},
  publisher  = {IEEE Press},
  address    = {Piscataway, NJ, USA},
}

@INPROCEEDINGS{Costagliola06SCORM,
  author     = {Costagliola, Gennaro and Ferrucci, Filomena and Fuccella, Vittorio},
  title      = {{SCORM} run-time environment as a service},
  booktitle  = {Proceedings of the 6$^{th}$ International Conference on Web engineering (ICWE 2006)},
  year       = {2006},
  pages      = {103-110},
  address    = {New York, NY, USA},
  isbn       = {1595933522},
}

@ARTICLE{Costagliola08BACMI,
  author     = {Costagliola, G. and Ferrucci, F. and Fuccella, V.},
  title      = {Boosting the adoption of Computer Managed Instruction functionalities in e-learning systems},
  journal    = {Journal of Web Engineering},
  year       = {2008},
  volume     = {7},
  pages      = {42-69},
  number     = {1},
}

@ARTICLE{Cugola98SPRP,
  author    = {Gianpaolo Cugola and Carlo Ghezzi},
  title     = {Software processes: a retrospective and a path to the future},
  journal   = {Software Process: Improvement and Practice},
  volume    = {4},
  number    = {3},
  year      = {1998},
  pages     = {101-123},
}

@ARTICLE{Curbera03NSWS,
  author      = {Curbera, Francisco and Khalaf, Rania and Mukhi, Nirmal and Tai, Stefan and Weerawarana, Sanjiva},
  title       = {The next step in Web services},
  journal     = {Communications of the ACM},
  volume      = {46},
  number      = {10},
  year        = {2003},
  issn        = {0001-0782},
  pages       = {29--34},
  publisher   = {ACM},
  address     = {New York, NY, USA},
}

@INPROCEEDINGS{Dai07CBTW,
  title      = {Contract-Based Testing for Web Services},
  author     = {Guilan Dai and Xiaoying Bai and Yongbo Wang and Fengjun Dai},
  booktitle  = {Proceedings of the 31$^{st}$ Annual International Computer Software and Applications Conference (COMPSAC 2007)},
  year       = {2007},
  month      = {July},
  volume     = {1},
  pages      = {517-526},
  address    = {Washington, DC, USA},
  ISSN       = {0730-3157},
}

@ARTICLE{Dan04WSLA,
  author      = {Dan, A. and Davis, D. and Kearney, R. and Keller, A. and King, R. and Kuebler, D. and 
                Ludwig, H. and Polan, M. and Spreitzer, M. and Youssef, A.},
  title       = {Web services on demand: {WSLA}-driven automated management},
  journal     = {{IBM} Systems Journal},
  volume      = {43},
  number      = {1},
  year        = {2004},
  issn        = {0018-8670},
  pages       = {136--158},
  month       = {Jan},
  publisher   = {IBM Corporation},
  address     = {Riverton, NJ, USA},
}

@INPROCEEDINGS{Dalal99MBTP,
  author     = {Dalal, S. R. and Jain, A. and Karunanithi, N. and Leaton, J. M. and Lott, C. M. and Patton, G. C. and Horowitz, B. M.},
  title      = {Model-based testing in practice},
  booktitle  = {Proceedings of the 21$^{th}$ International Conference on Software Engineering (ICSE 1999)},
  year       = {1999},
  pages      = {285--294},
  address    = {New York, NY, USA},
  publisher  = {ACM},
  isbn       = {1-58113-074-0},
  location   = {Los Angeles, California, USA}
}

@MASTERSTHESIS{Dela93PATM,
  author     = {Márcio Eduardo Delamaro},
  title      = {Proteum: Um ambiente de teste baseado em análise de mutantes},
  school     = {{ICMC/USP}},
  year       = {1993},
  address    = {São Carlos, SP},
}

@PHDTHESIS{Dela97MIPhD,
  author     = {M. E. Delamaro},
  title      = {Mutação de {I}nterface: {U}m critério de adequação interprocedimental para o teste de integração},
  school     = {IFSC/USP},
  year       = {1997},
  address    = {São Carlos, SP},
  local      = {Biblioteca da Física}
}

@INPROCEEDINGS{Dela00PrIM,
  author     = {M. E. Delamaro and J. C. Maldonado and A. M. R. Vincenzi},
  title      = {Proteum/{IM} 2.0: {A}n Integrated Mutation Testing Environment},
  booktitle  = {Proceedings of the 1$^{st}$ Workshop on Mutation Analysis (MUTATION 2000)},
  year       = {2000},
  pages      = {91-101},
  publisher  = {Kluwer Academic Publishers},
  address    = {San Jose, CA, USA},
}

@BOOK{Dela07IATS,
  title      = {Introdução ao Teste de Software},
  publisher  = {Ed. Campus},
  year       = {2007},
  author     = {Márcio Eduardo Delamaro and José Carlos Maldonado and Mario Jino},
}

@ARTICLE{Demillo78HTDS,
  author     = {R. A. DeMillo and R. J. Lipton and F. G. Sayward},
  title      = {Hints on Test Data Selection: {H}elp for the Practicing Programmer},
  journal    = {IEEE Computer},
  year       = {1978},
  pages      = {34-43},
  volume     = {11},
  number     = {4},
}

@book{DeMillo87BOOK,
 author      = {DeMillo, Richard A. and McCracken, W. Michael and Martin, R. J. and Passafiume, John F.},
 title       = {Software testing and evaluation},
 year        = {1987},
 isbn        = {0-8053-2535-2},
 publisher   = {Benjamin-Cummings Publishing Co., Inc.},
 address     = {Redwood City, CA, USA},
 }

@BOOK{Dijkstra1976,
  title      = {A discipline of programming},
  publisher  = {Prentice Hall},
  year       = {1976},
  author     = {Dijkstra, E. W},
}

@INPROCEEDINGS{Dillon08RASSOA,
  author    = {Tharam S. Dillon and Chen Wu and Elizabeth Chang},
  title     = {Reference Architectural Styles for Service-Oriented Computing},
  booktitle = {Proceedings of the 4$^{th}$ International Conference of Network and Parallel Computing (NPC 2007)},
  year      = {2007},
  pages     = {543-555 (LNCS v. 4672)},
  isbn      = {978-3-540-74783-3},
  address   = {Dalian, China},
  month     = {Sep},
  publisher = {Springer-Verlag},
}

@INPROCEEDINGS{Dieste07FSRP,
  author     = {Oscar Dieste and Marta L\'{o}pez and Felicidad Ramos},
  title      = {Formalizing a Systematic Review Process in Requirements Engineering},
  booktitle  = {Proceedings of the 11$^{th}$ Wokshop on Requirements Engineering (WER 2007)},
  year       = {2007},
  isbn       = {978-0-7695-3302-5},
  pages      = {96--103},
  address    = {Pernambuco, Brasil},
}

@INPROCEEDINGS{Dieste08FSRU,
  author     = {Oscar Dieste and Marta L\'{o}pez and Felicidad Ramos},
  title      = {Formalizing a Systematic Review Updating Process},
  booktitle  = {Proceedings of the 6$^{th}$ International Conference on Software Engineering Research, Management and Applications (SERA 2008)},
  year       = {2008},
  isbn       = {978-0-7695-3302-5},
  pages      = {143--150},
  doi        = {http://dx.doi.org/10.1109/SERA.2008.35},
  publisher  = {IEEE Computer Society},
  address    = {Washington, DC, USA},
}  
@ARTICLE{Dobrica02ASSAr,
  author     = {Liliana Dobrica and Eila Niemel},
  title      = {A survey on software architecture analysis methods},
  journal    = {IEEE Transactions on Software Engineering},
  year       = {2002},
  volume     = {28},
  pages      = {638--653},
  number     = {7},
  address    = {Piscataway, NJ, USA},
  issn       = {0098-5589},
  publisher  = {IEEE Press}
}

@INPROCEEDINGS{Duro05THRA,
  title     = {Technology harmonization - developing a reference architecture for the ground segment software},
  author    = {Duro, N. and Moreira, F. and Rogado, J. and Reis, J. and Peccia, N.},
  booktitle = {IEEE Aerospace Conference},
  year      = {2005},
  month     = {Mar},
  address   = {Big Sky, Montana, USA},
  pages     = {3968-3979},
  ISSN      = {0-7803-8870-4},
}

@INPROCEEDINGS{Eickelmann96ESTEAr,
  title     = {An evaluation of software test environment architectures},
  author    = {Eickelmann, N.S. and Richardson, D.J.},
  booktitle = {Proceedings of the 18$^{th}$ International Conference on Software Engineering (ICSE 1996)},
  year      = {1996},
  month     = {Mar},
  address   = {Berlin, Germany},
  doi       = {10.1109/ICSE.1996.493430},
}

@ARTICLE{Eckerson95TTCA,
  author    = {Wayne W. Eckerson},
  title     = {Three Tier Client/Server Architecture: Achieving Scalability, Performance, and Efficiency in Client Server Applications},
  journal   = {Open Information Systems Journal},
  year      = {1995},
  volume    = {10},
  number    = {1},
  month     = {jan},
}

@INPROCEEDINGS{Eler09JBWS,
  title     = {{JaBUTiService}: {A} {W}eb {S}ervice for {S}tructural {T}esting of {J}ava {P}rograms},
  author    = {Marcelo Medeiros Eler and André Takeshi Endo and
               Paulo César Masiero and Márcio Eduardo Delamaro and
               José Carlos Maldonado and Auri Marcelo Rizzo Vincenzi and
               Marcos Lordello Chaim and Delano Medeiros Beder},
  booktitle = {Proceedings of the 33$^{rd}$ Annual IEEE Software Engineering Workshop (SEW 2009)},
  year      = {2009},
  month     = {Oct},
  pages     = {1--9},
  address   = {Skövde, Sweden}
}

@INPROCEEDINGS{Eler10SBES,
  title     = {Built-in structural testing of web services},
  author    = {Marcelo Medeiros Eler and Marcio Eduardo Delamaro and Jose Carlos Maldonado and Paulo Cesar Masiero},
  booktitle = {Anais do 24$^{o}$ Simpósio Brasileiro de Engenharia de Software (SBES 2010), Congresso Brasileiro de Software: Teoria e Prática (CBSoft 2010)},
  year      = {2010},
  month     = {Set/Out},
  pages     = {71--80},
  address   = {Salvador, BA}
}

@BOOK{Erl05Book,
  title      = {Service-Oriented Architecture: Concepts, Technology, and Design},
  publisher  = {Prentice Hall.},
  year       = {2005},
  author     = {Thomas Erl},
  address    = {Upper Saddle River, New Jersey, USA},
}

@INPROCEEDINGS{Fabbri94MAFS,
  author    = {S. C. P. F. Fabbri and J. C. Maldonado and P. C. Masiero and M. E. Delamaro},
  title     = {Mutation Analysis for Finite State Machines},
  booktitle = {Proceedings of 5$^{th}$ International Symposium on Software Reliability Engineering (ISSRE 1994)},
  year      = {1994},
  pages     = {220-229},
  address   = {Monterey, CA, USA},
}

@INPROCEEDINGS{Fabbri99RSST,
  author    = {S. C. P. F. Fabbri and J. C. Maldonado and T. Sugeta and P. C. Masiero},
  title     = {Mutation Testing Applied to Validate Specifications Based on Statecharts},
  booktitle = {Proceedings of 10$^{th}$ International Symposium on Software Reliability Engineering (ISSRE 1999)},
  year      = {1999},
  pages     = {210-219},
  address   = {Boca Raton, Florida, USA},
}

@TECHREPORT{Felizardo09IARC,
  AUTHOR      = {Katia Romero Felizardo and Rafael Messias Martins and Elisa Yumi Nakagawa and José Carlos Maldonado},
  TITLE       = {Inspeção de Arquiteturas de Referência Baseada em Checklist},
  INSTITUTION = {Instituto de Ciências Matemáticas e de Computação -- {ICMC/USP}},
  YEAR        = {2009},
  address     = {São Carlos, SP},
  note        = {(Relatório técnico em preparação)},
}

@MISC{Ferrari2005bPT,
   author   = {Fabiano Cutigi Ferrari},
   title    = {\emph{Apoio ao Teste Estrutural e de Mutação de Software Orientado a Objetos e a Aspectos}},
   year     = {2005},
   note     = {Plano de Trabalho de Doutorado (trabalho em andamento), {ICMC/USP}, São Carlos, SP}
}

@INPROCEEDINGS{Ferrari10AMTA,
  author     = {Fabiano Cutigi Ferrari and Elisa Yumi Nakagawa and Awais Rashid and Jose Carlos Maldonado},
  title      = {Automating the Mutation Testing of Aspect-Oriented {Java} Programs},
  booktitle  = {Proceedings of the 5$^{th}$ Workshop on Automation of Software Test (AST 2010)},
  year       = {2010},
  location   = {Cape Town, South Africa},
  pages      = {51--58},
  publisher  = {ACM},
  address    = {New York, NY, USA},
}

@INPROCEEDINGS{Feitosa10SEKE,
  author    = {Daniel Feitosa and Katia Romero Felizardo and Lucas Bueno Ruas Oliveira and Denis Wolf and Elisa Yumi Nakagawa},
  title     = {Software Engineering in the Embedded Software and Mobile Robot Software Development: A Systematic Mapping},
  booktitle = {Proceedings of the 22$^{nd}$ International Conference on Software Engineering and Knowledge Engineering (SEKE 2010)},
  year      = {2010},
  pages     = {738-741},
  address   = {San Francisco Bay, USA},
  month     = {Jul},
}

@INPROCEEDINGS{Fioravanti07ASOA,
  title      = {{AXMEDIS} as the Service Oriented Architecture for the Media: Is It Feasible?},
  author     = {Fabrizio Fioravanti and Marius Spinu and Maurizio Campanai},
  booktitle  = {Proceedings of the 3$^{rd}$ International Conference on Automated Production 
               of Cross Media Content for Multi-Channel Distribution (AXMEDIS 2007)},
  year       = {2007},
  month      = {Nov.},
  pages      = {264-269},
  publisher  = {IEEE Computer Society},
  address    = {Washington, DC, USA},
  isbn       = {978-0-7695-3030-7},
}

@INPROCEEDINGS{Fioravanti10EDUC,
  title      = {{EDUCAR:}  Uma Arquitetura de Referência para Ambientes Educacionais},
  author     = {Fioravanti, M. L. and Nakagawa, E. Y. and Barbosa, E. F.},
  booktitle  = {Anais do 21$^{o}$ Simpósio Brasileiro de Informática na Educação (SBIE 2010)},
  year       = {2010},
  address    = {João Pessoa, Paraíba},
  pages      = {1-10},
}

@MASTERSTHESIS{Fonseca93POKE,
  author    = {R. P. Fonseca},
  title     = {Suporte ao Teste Estrutural de Programas {F}ortran no Ambiente {P}oke-{T}ool},
  year      = {1993},
  school    = {DCA/FEEC/UNICAMP},
  address   = {Campinas, SP},
}

@ARTICLE{Frankl88ASSET,
  title     = {An applicable family of data flow testing criteria},
  author    = {Frankl, P.G. and Weyuker, E.J.},
  journal   = {IEEE Transactions on Software Engineering},
  year      = {1988},
  month     = {Oct},
  volume    = {14},
  number    = {10},
  pages     = {1483--1498},
  doi       = {10.1109/32.6194},
  ISSN      = {0098-5589}
}

@INPROCEEDINGS{Fuggetta00SPRM,
  author    = {Fuggetta, Alfonso},
  title     = {Software process: a roadmap},
  booktitle = {Proceedings of the Conference on The Future of Software Engineering (ICSE 2000)},
  year      = {2000},
  isbn      = {1-58113-253-0},
  pages     = {25--34},
  location  = {Limerick, Ireland},
  publisher = {ACM},
  address   = {New York, NY, USA},
}

@INPROCEEDINGS{Futo07FRMP,
  author    = {Futo, I.},
  title     = {A Functional {IT} Reference Model for Public Institutions},
  booktitle = {Proceedings of the 29$^{th}$ International conference on Information Technology Interfaces (ITI 2007)},
  year      = {2007},
  pages     = {419-424},
  month     = {Jun},
  address    = {Cavtat, Croatia},
  doi       = {10.1109/ITI.2007.4283807},
  issn      = {1330-1012},
}

@MISC{Gamma10Junit,
  author    = {Gamma, E. and Beck, K. },
  year      = {2010},
  howpublished = {Online},
  title     = {{JUnit home page}},
  note      = {\url{http://www.junit.org/} - Acessado em 03/12/2010},
}

@Book{Gamma95,
  title     = {Design Patterns: Elements of Reusable Object-Oriented Software},
  address   = {Boston, MA},
  author    = {Erich Gamma and Richard Helm and Ralph Johnson and John Vlissides},
  month     = {January},
  publisher = {Addison-Wesley},
  year      = {1995}
}

@TECHREPORT{Gallagher00UATA,
  author     = {Brian P. Gallagher},
  title      = {Using the Architecture Tradeoff Analysis Method to Evaluate a Reference Architecture: A Case Study},
  institution= {Software Engineering Institute (SEI)},
  year       = {2000},
  type       = {Tech. Report},
  number     = {CMU/SEI-2000-TN-007},
}

@inproceedings{Garlan00SARO,
  author     = {D. Garlan},
  title      = {Software architecture: a roadmap},
  booktitle  = {Proceedings of the Conference on The Future of Software Engineering (ICSE 2000)},
  year       = {2000},
  pages      = {91--101},
  location   = {Limerick, Ireland},
  publisher  = {ACM Press},
  address    = {New York, NY, USA},
}

@INPROCEEDINGS{Gao97DITE,
 author      = {Jerry Gao and Cris Chen and  Yasufumi Toyoshima and David K. Leung},
 title       = {Developing an Integrated Testing Environment Using the World Wide Web Technology.},
 booktitle   = {Proceedings of the 21$^{st}$  International Computer Software and Applications Conference (COMPSAC 1997)},
 year        = {1997},
 isbn        = {0-8186-8105-5},
 pages       = {594--601},
 publisher   = {IEEE Computer Society},
 address     = {Washington, DC, USA},
 month       = {Aug}
}

@BOOK{Gill62ITFS,
 author      = {A. Gill},
 title       = {Introduction to the Theory of Finite-State Machines},
 address     = {New York},
 publisher   = {McGraw-Hill},
 year        = {1962}
}

@INPROCEEDINGS{Guessi10CLEI,
  author    = {Milena Guessi and Lucas Bueno Ruas Oliveira and Elisa Yumi Nakagawa},
  title     = {Modeling Aspect-oriented Software Systems Using {UML}: A Systematic Mapping},
  booktitle = {Proceedings of the 36$^{th}$ Latin American Conference of Informatics (CLEI 2010)},
  year      = {2010},
  pages     = {738-741},
  address   = {Asuncion, Paraguay},
  month     = {Out},
}

@INPROCEEDINGS{GraafCSMR05,
  author    = {Graaf, B. and van Dijk, H. and van Deursen, A.},
  title     = {Evaluating an Embedded Software Reference Architecture -- Industrial Experience Report},
  booktitle = {Proceedings of the 9$^{th}$ European Conference on Software Maintenance and Reengineering (CSMR 2005)},
  year      = {2005},
  pages     = {354--363},
  month     = {Mar},
  address   = {Manchester, UK},
  issn      = {1534--5351},
}

@INPROCEEDINGS{Ghezzi08TSAS,
  title     = {Towards software analysis as a service.},
  author    = {Giacomo Ghezzi and Harald Gall},
  booktitle = {Proceedings of the  23$^{rd}$ ACM/IEEE International Conference on Automated Software Engineering (ASE Workshops 2008)},
  address   = {L'Aquila, Italy},
  pages     = {1-10},
  publisher = {IEEE},
  year      = {2008},
}

@MASTERSTHESIS{Gondim2010,
  author     = {Rodrigo Pinto Gondim},
  title      = {Desenvolvimento e Avaliação de um Registro de Serviços de Ferramentas de Teste},
  school     = {ICMC/USP},
  year       = {2010},
  address    = {São Carlos, SP},
  month      = {Maio},
}

@ARTICLE{Harel87SVFC,
  author    = {Harel, David },
  title     = {Statecharts: A Visual Formalism for Complex Systems},
  journal   = {Science of Computer Programming},
  year      = {1987},
  volume    = {8},
  pages     = {231--274},
  number    = {3},
  month     = {Jun},
  publisher = {Elsevier North-Holland, Inc.},
  address   = {Amsterdam, The Netherlands, The Netherlands},
}

@INPROCEEDINGS{Harrold2000,
  author    = {M. J. Harrold},
  title     = {Testing: {A} Roadmap},
  booktitle = {Proceedings of the 22$^{nd}$  International Conference on Software Engineering (ICSE 2000)},
  year      = {2000},
  publisher = {ACM Press},
  pages     = {61-72},
  location  = {Limerick, Ireland},
  address   = {New York, NY, USA},
}

@INPROCEEDINGS{Hemalatha08DWSB,
  title     = {Dynamic Web Service Based Image Processing System},
  author    = {Hemalatha, T. and Athisha, G. and Jeyanthi, S.},
  booktitle = {Proceedings of the 16$^{th}$ International Conference on Advanced Computing and Communications (ADCOM 2008)},
  year      = {2008},
  month     = {Dec.},
  address   = {Chennai, India},
  pages     = {323-328},
}

@MISC{HP10QTPS,
  author    = {Hewlett-Packard},
  year      = {2010},
  howpublished = {Online},
  title     = {{HP QuickTest Professional software}},
  note      = {\url{https://h10078.www1.hp.com/cda/hpms/display/main/hpms_content.jsp?zn=bto&cp=1-11-127-24^1352_4000_100} - Acessado em 03/12/2010},
}

@BOOK{Howden87FPTA,
  author      = {W. E. Howden},
  title       = {Software Engineering and Technology: Functional Program Testing and Analysis},
  address     = {New York},
  publisher   = {McGrall-Hill},
  year        = {1987}
}

@INPROCEEDINGS{Ionita02SARA,
  author    = {M. Ionita and D. Hammer and H. Obbink},
  title     = {Scenario-Based Software Architecture Evaluation Methods: An Overview},
  booktitle = {Proceedings of the Workshop on Methods and Techniques for Software Architecture Review and Assessment},
  year      = {2002},
  pages     = {1--12},
  address   = {Orlando, Florida}
}

@TECHREPORT{ISO1220795,
  author    = {ISO},
  title     = {{Information Technology -- Software Life-cycle Processes} {(ISO 12207)}},
  institution = {{International Organization for Standardization (ISO)}},
  year      = {1995},
  number    = {12207/1995},
  type      = {Standard},
}

@TECHREPORT{ISO20028402,
  author    = {ISO},
  title     = {{Quality Vocabulary} {(ISO 8402, Part of the {ISO 9000/2002})}},
  institution = {{International Organization for Standardization (ISO)}},
  year      = {2002},
  number    = {8402/2002},
  type      = {Standard},
}

@TECHREPORT{ISOIEC42010,
  author    = {ISO/IEC},
  title     = {{Recommended Practice for Architectural Description of Software-Intensive Systems} {(ISO/IEC 42010)}},
  institution = {{International Organization for Standardization (ISO)/ International Electrotechnical Commission (IEC)}},
  year      = {2007},
  number    = {42010/2007},
  type      = {Standard},
}

@TECHREPORT{IEEE90GSET,
  author    = {IEEE},
  title     = {{Standard Glossary of Software Engineering Terminology (IEEE 610.12)}},
  institution =  {Institute of Electric and Electronic Engineers (IEEE)},
  year      = {1990},
  type      = {Standard},
  number    = {610.12/1990},
  publisher = {IEEE Computer Society Press},
}

@TECHREPORT{IEEE00RPAD,
  author    = {ANSI/IEEE},
  title     = {{Recommended Practice for architectural description of software intensive systems (ANSI/IEEE 1471)}},
  institution =  {American National Standards Institute (ANSI)/ Institute of Electric and Electronic Engineers (IEEE)},
  year      = {2000},
  type      = {Standard},
  number    = {1471/2000},
  publisher = {IEEE Computer Society Press},
}

@BOOK{Josuttis07SOA,
  title     = {{SOA} in Practice: The Art of Distributed Systems Design},
  publisher = {O'Reilly},
  year      = {2007},
  author    = {Josuttis, N. M},
}

@INPROCEEDINGS{Kazman94SMAPr,
  author    = {Rick Kazman and Len Bass and Gregory Abowd and Mike Webb},
  title     = {{SAAM}: A Method for Analyzing the Properties of Software Architectures},
  booktitle = {Proceedings of the 16$^{th}$ International Conference on Software Engineering (ICSE 1994)},
  year      = {1994},
  pages     = {81--90},
  address   = {Sorrento, Italy},
  month     = {May},
}

@INPROCEEDINGS{Kazman98ATAMr,
  author    = {Rick Kazman and M. Klein and M. Barbacci and T. Longstaff and H. Lipson and J. Carriere},
  title     = {The Architecture Tradeoff Analysis Method},
  booktitle = {Proceedings of the 4$^{th}$ IEEE International Conference on Engineering Complex Computer Systems (ICECCS 1998)},
  year      = {1998},
  pages     = {68--78},
  address   = {Monterey, CA, USA},
  month     = {aug},
}

@inproceedings{Kazhamiakin06ACMW,
 author     = {Kazhamiakin, Raman and Pistore, Marco and Santuari, Luca},
 title      = {Analysis of communication models in web service compositions},
 booktitle  = {Proceedings of the 15$^{th}$ International Conference on World Wide Web  (WWW 2006)},
 year       = {2006},
 isbn       = {1-59593-323-9},
 pages      = {267--276},
 location   = {Edinburgh, Scotland},
 address    = {New York, NY, USA},
}

@INPROCEEDINGS{Kiczales97AOP,
  author      = {Gregor Kiczales and John Irwin and John Lamping and Jean-Marc Loingtier and  Cristina Lopes 
                 and Chris Maeda and Anurag Menhdhekar},
  shortAuthor =  {G. {Kiczales et al.}},
  title       = {Aspect-Oriented Programming},
  booktitle   = {Proceedings of the 11$^{th}$ European Conference on Object-Oriented Programming (ECOOP 1997)},
  address     = {Jyväskylä, Finland},
  publisher   = {Springer-Verlag},
  bookEditor  = {Mehmet Ak\c{s}it and Satoshi Matsuoka},
  pages       = {220-242 (LNCS v.1241)},
  year        = {1997},
}

@TECHREPORT{Kitchenham04PPSR,
  author      = {Barbara Kitchenham},
  title       = {Procedures for Performing Systematic Reviews},
  institution = {Software Engineering Group, Department of Computer Science Keele University, United King and 
                 Empirical Software Engineering, National ICT Australia Ltd},
  year        = {2004},
  number      = {TR/SE-0401},
  type        = {Tech. Report},
  month       = {Jul},
  address     = {Austrália}
}

@ARTICLE{Kruchten95T4VM,
 author     = {Philippe Kruchten},
 title      = {The 4+1 View Model of Architecture},
 journal    = {IEEE Software},
 volume     = {12},
 number     = {6},
 year       = {1995},
 issn       = {0740-7459},
 pages      = {42--50},
 publisher  = {IEEE Computer Society Press},
 address    = {Los Alamitos, CA, USA},
 }

@ARTICLE{Kruchten06PPFSAr,
 author     = {Philippe Kruchten and Henk Obbink and Judith Stafford},
 title      = {The Past, Present, and Future for Software Architecture},
 journal    = {IEEE Software},
 volume     = {23},
 number     = {2},
 year       = {2006},
 issn       = {0740-7459},
 pages      = {22--30},
 doi        = {http://dx.doi.org/10.1109/MS.2006.59},
 publisher  = {IEEE Computer Society Press},
 address    = {Los Alamitos, CA, USA},
}

@ARTICLE{Laddad03APIQ,
  title     = {Aspect-oriented programming will improve quality},
  author    = {Laddad, R.},
  journal   = {IEEE Software},
  year      = {2003},
  month     = {Nov},
  volume    = {20},
  number    = {6},
  pages     = {90-91},
  ISSN      = {0740-7459},
}

@INPROCEEDINGS{Lan08SMSOA,
  title       = {A solution model for Service-oriented architecture},
  author      = {Jianzhong Lan and Yi Liu and Yueting Chai},
  booktitle   = {Proceedings of the 7$^{th}$ World Congress on  Intelligent Control and Automation (WCICA 2008)},
  year        = {2008},
  month       = {Jun},
  address     = {Chongqing, China},
  pages       = {4184-4189},
  isbn        = {978-1-4244-2113-8},
}

@TECHREPORT{Land02BSAr,
  author      = {Rikard Land},
  title       = {A Brief Survey of Software Architecture},
  institution = {Department of Computer Engineering, Mälardalen University},
  year        = {2002},
  address     = {Sweden}
}

@INPROCEEDINGS{Leppaniemi09TFSOA,
  author      = {Leppaniemi, Jari and Linna, Petri and Soini, Jari and Jaakkola, Hannu},
  title       = {Toward a flexible service-oriented reference architecture for situational awareness 
                 systems in distributed disaster knowledge management},
  booktitle   = {Proceedings of the International Conference on Management of Engineering \& Technology  (PICMET 2009)},
  year        = {2009},
  pages       = {959-965},
  month       = {Aug},
  address     = {Portland, Oregon, USA},
  doi         = {10.1109/PICMET.2009.5262023},
}

@ARTICLE{Leymann02BPM,
  author     = {F. Leymann and D. Roller and M.-T. Schmidt.},
  title      = {Web services and business process management},
  journal    = {IBM Systems Journal},
  year       = {2002},
  volume     = {41},
  pages      = {198-211},
  number     = {2},
}

@MASTERSTHESIS{Leitao92POKE,
  author    = {P. S. {Leit{\~a}o Jr.}},
  title     = {Suporte ao Teste Estrutural de Programas {C}obol no Ambiente {P}oke-{T}ool},
  year      = {1992},
  school    = {DCA/FEEC/UNICAMP},
  address   = {Campinas, SP},
}

@INPROCEEDINGS{Liu08RASO,
  author    = {Lei Liu and Stefan Thanheiser and Hartmut Schmeck},
  title     = {A Reference Architecture for Self-organizing Service-Oriented Computing},
  booktitle = {Proceedings of the 21$^{st}$ International Conference Architecture of Computing Systems (ARCS 2008)},
  year      = {2008},
  pages     = {205--219 (LNCS v.4934)},
  isbn      = {978-3-540-78152-3},
  address   = {Dresden, Germany},
  month     = {Feb},
  publisher = {Springer-Verlag},
}

@inproceedings{Li09ECFUrr,
  author    = {Nan Li and Upsorn Praphamontripong and Jeff Offut},
  title     = {An Experimental Comparison of Four Unit Test Criteria: Mutation, Edge-Pair, All-Uses and Prime Path Coverage},
  booktitle = {Proceedings of the IEEE International Conference on Software Testing, Verification, and Validation Workshops (ICSTW 2009)}, 
  year      = {2009},
  address   = {Denver, USA},
  pages     = {220-229}
}

@article{Ma2005,
  author    = {Yu-Seng Ma and Jeff Offutt and Yong Rae Kwon},
  title     = {{MuJava}: An Automated Class Mutation System},
  journal   = {Journal of Software Testing, Verification and Reliability},
  volume    = {15},
  number    = {2},
  year      = {2005},
  issn      = {0960-0833},
  pages     = {97-133},
  doi       = {http://dx.doi.org/10.1002/stvr.v15:2},
  publisher = {John Wiley and Sons Ltd.},
  address   = {Chichester, UK},
}

@PHDTHESIS{Maldonado91CPU,
  author    = {José Carlos Maldonado},
  title     = {Critérios potenciais usos: Uma contribuição ao teste estrutural de software},
  school    = {DCA/FEE/UNICAMP},
  address   = {Campinas, SP},
  year      = {1991},
}

@BOOK{Mendes02ASDOAr,
  title      = {{A}rquitetura de {S}oftware: {D}esenvolvimento orientado para arquitetura},
  publisher  = {Campus},
  year       = {2002},
  author     = {Antônio Mendes},
}

@ARTICLE{Medvidovic00ADL,
  author     = {Nenad Medvidovic and Richard N. Taylor},
  title      = {A Classification and Comparison Framework for Software Architecture Description Languages},
  journal    = {IEEE Transactions on Software Engineering},
  volume     = {26},
  issn       = {0098-5589},
  year       = {2000},
  pages      = {70-93},
  doi        = {http://doi.ieeecomputersociety.org/10.1109/32.825767},
  publisher  = {IEEE Computer Society},
  address    = {Los Alamitos, CA, USA},
}

@ARTICLE{Medvidovic02UML,
  author     = {Nenad Medvidovic and David S. Rosenblum and David F. Redmiles and Jason E. Robbins},
  title      = {Modeling Software Architectures in the Unified Modeling Language},
  journal    = {ACM Transactions on Software Engineering and Methodology},
  year       = {2002},
  volume     = {11},
  number     = {1},
  pages      = {2--57}
}

@MISC{Merson05SBES,
  author     = {P. Merson},
  title      = {Como documentar arquiteturas de software},
  howpublished = {Software Engineering Institute (SEI), Carnegie Mellon University},
  note       = {Material de Apoio, mini-curso do 19$^{o}$ Simpósio Brasileiro de Engenharia de Software (SBES 2005)},
  address    = {Uberlândia, MG},
  year       = {2005},
}

@MISC{Microsoft02AADD,
  author     = {Microsoft},
  title      = {Application Architecture for {.NET}: Designing Applications and Services},
  howpublished = {Microsoft},
  year       = {2002},
}

@TECHREPORT{MullerARAP08,
  author     = {Gerrit Muller},
  title      = {A Reference Architecture Primer},
  institution = {Eindhoven Univ. of Techn},
  year       = {2008},
  address    = {Eindhoven},
  note       = {Whitepaper},
  timestamp  = {2009.12.01}
}

@ARTICLE{Murakami07IDSOA,
 author      = {Murakami, Edson and Saraiva, Antonio M. and Ribeiro,Junior, Luiz C. M. and
               Cugnasca, Carlos E. and Hirakawa, Andre R. and Correa, Pedro L. P.},
 title       = {An infrastructure for the development of distributed service-oriented information systems for precision agriculture},
 journal     = {Computers and Electronics in Agriculture},
 volume      = {58},
 number      = {1},
 year        = {2007},
 issn        = {0168-1699},
 pages       = {37--48},
 publisher   = {Elsevier Science Publishers B. V.},
 address     = {Amsterdam, The Netherlands, The Netherlands},
}

@BOOK{MyersBook04,
  title      = {The Art of Software Testing},
  publisher  = {John Wiley \& Sons, Inc.},
  year       = {2004},
  author     = {Myers, G. J. and Sandler, C. and Badgett, T. and Thomas, T. M.},
  address    = {New Jersey},
}

@ARTICLE{Morell90TFBT,
  author     = {L.J. Morell},
  title      = {A Theory of Fault-Based Testing},
  journal    = {IEEE Transactions on Software Engineering},
  year       = {1990},
  volume     = {16},
  pages      = {844-857},
  number     = {8},
  address    = {Los Alamitos, CA, USA},
  issn       = {0098-5589},
  publisher  = {IEEE Computer Society}
}

@ARTICLE{Murata89PPAA,
  author     = {Murata, T.},
  title      = {Petri nets: Properties, analysis and applications},
  journal    = {Proceedings of the IEEE},
  year       = {1989},
  volume     = {77},
  pages      = {541-580},
  number     = {4},
  month      = {Apr},
  issn       = {0018-9219},
}

@PHDTHESIS{Nakagawa06CPAA,
  author     = {E. Y. Nakagawa},
  title      = {Uma Contribuição ao Projeto Arquitetural de Ambientes de Engenharia de Software},
  school     = {Instituto de Ciências Matemáticas e de Computação -- {ICMC/USP}},
  year       = {2006},
  type       = {Tese de Doutorado},
  address    = {S\~ao Carlos, SP},
  month      = {mar},
}

@INPROCEEDINGS{Nakagawa07TRASr,
  author     = {E. Y. Nakagawa and A. S. Sim{\~a}o and F. Ferrari and J. C. Maldonado},
  title      = {Towards a Reference Architecture for Software Testing Tools},
  booktitle  = {Proceedings of the 19$^{th}$  International Conference on Software Engineering and Knowledge Engineering (SEKE 2007)},
  year       = {2007},
  address    = {Boston, USA},
  month      = {Jul},
  pages      = {1--6},
}

@INPROCEEDINGS{Nakagawa07ASCS,
  author     = {E. Y. Nakagawa and  J. C. Maldonado},
  title      = {Representing aspect-based architecture of software engineering environments},
  booktitle  = {Proceedings of the 1$^{st}$ Workshop on Aspects in Architectural Description, 6$^{th}$ International Conference on AOSD},
  year       = {2007},
  address    = {Vancouver, British Columbia, Canada},
  pages      = {1--4},
}

@ARTICLE{Nakagawa08RASE,
 author     = {Elisa Yumi Nakagawa and Jos\'e Carlos Maldonado},
 title      = {Architectural requirements as basis to quality of software engineering environments},
 journal    = {Journal IEEE Latin America},
 volume     = {6},
 number     = {3},
 year       = {2008},
 issn       = {0740-7459},
 pages      = {1-20},
}

@INPROCEEDINGS{Nakagawa2009TPDA,
  author    = {E. Y. Nakagawa and Rafael Messias Martins and K\'{a}tia Felizardo and J. C. Maldonado},
  title     = {Towards a Process to Design Aspect-Oriented Reference Architectures},
  booktitle = {Proceedings of the 35$^{th}$ Latin American Informatics Conference},
  year      = {2009},
  address   = {Pelotas, RS},
  pages     = {1-10}
}

@INPROCEEDINGS{Nakagawa09AFSD,
  author    = {E. Y. Nakagawa and M. M. F. Sasaki and  J. C. Maldonado},
  title     = {An Aspect-Oriented Framework for Software Documentation: An Example on Testing},
  booktitle = {Proceedings of the 12$^{th}$  Iberoamerican Conference on Requirements Engineering and Software Environments (IDEAS 2009)},
  year      = {2009},
  address   = {Medellín, Colombia},
  pages     = {225-238}
}

@INPROCEEDINGS{Nakagawa11WER,
  author    = {Elisa Yumi Nakagawa and Lucas Bueno Ruas Oliveira},
  title     = {Using Systematic Review to Elicit Requirements of Reference Architectures},
  booktitle = {Proceedings of the 14$^{th}$ Worskshop on Requirements Engineering (WER 2011), 14$^{th}$ Ibero-American Conference on Software Engineering (CIbSE 2011)},
  year      = {2011},
  pages     = {1-14},
  address   = {Rio de Janeiro, RJ},
  month     = {Abr},
}

@INPROCEEDINGS{Navarro07RSRA,
  title     = {Requirements and Scenarios: Running Aspect-Oriented Software Architectures},
  author    = {Navarro, E. and Letelier, P. and Ramos, I.},
  booktitle = {Proceedings of the 6$^{th}$  Working IEEE/IFIP Conference on Software Architecture (WICSA 2007)},
  year      = {2007},
  address   = {Mumbai, Maharashtra, India},
  month     = {Jan.},
  pages     = {23-23},
}

@TECHREPORT{Oasis06RMSOAr,
  author    = {{OASIS}},
  title     = {Reference Model for Service Oriented Architecture 1.0},
  institution = {Advanced Open Standards for the Information Society (OASIS)},
  year      = {2006},
  month     = {October},
}

@TECHREPORT{Oasis08RASOAr,
  author       = {{OASIS}},
  title        = {Reference Architecture for Service Oriented Architecture Version 1.0},
  institution  = {Advanced Open Standards for the Information Society (OASIS)},
  year         = {2008},
  month        = {Abr.},
}

@MISC{Oasis10UDDI,
  author    = {{OASIS}},
  year      = {2010},
  howpublished = {Online},
  title     = {{-- Advanced Open Standards for the Information Society (OASIS), } {Universal, Discovery, Description and Integration (UDDI)}},
  note      = {\url{http://www.oasis-open.org/specs/#uddiv2} - Acessado em 03/12/2010},
}

@MISC{Oasis10WSBPEL,
  author    = {{OASIS}},
  year      = {2010},
  howpublished = {Online},
  title     = {{-- Advanced Open Standards for the Information Society (OASIS), } 
              {Web Services Business Process Execution Language Version 2.0 (WS-BPEL)}},
  note      = {\url{http://docs.oasis-open.org/wsbpel/2.0/wsbpel-v2.0.html} - Acessado em 03/12/2010},
}

@INPROCEEDINGS{Oliveira09HVDC,
  author    = {Lucas Bueno Ruas Oliveira and E. C. S. Rodrigues and L. A. Baldochi and A. C. B. Ramos and E. {Capps Neto}},
  title     = {{HVDC-Sim}: an {HVDC} Control Desk Simulator},
  booktitle = {Proceedings of the HVDC User's Conference (HVDC 2009)},
  year      = {2009},
  pages     = {1-8},
  address   = {Foz do Iguaçu, PR},
}

@ARTICLE{Oliveira09RITA,
  author    = {Lucas Bueno Ruas Oliveira and Laércio Augusto Baldochi and Elisa Yumi Nakagawa},
  title     = {Using Architectural and Design Patterns in the Development of a Reactive System Simulator},
  journal   = {Revista de Informática Teórica e Aplicada (RITA)},
  year      = {2009},
  pages     = {1-8},
  note      = {(Submitted)}
}

@INPROCEEDINGS{Oliveira09ULMA,
  author    = {Lucas Bueno Ruas Oliveira and Elisa Yumi Nakagawa},
  title     = {Um Levantamento de Métodos de Avaliação de Arquiteturas de Software Específicas},
  booktitle = {Anais do 3$^{o}$ Simpósio Brasileiro de Componentes, Arquiteturas e Reutilização de Software (SBCARS 2009)},
  year      = {2009},
  pages     = {52--65},
  address   = {Natal, RN},
  month     = {Set},
}

@MISC{Oliveira09PM,
  author    = {Lucas Bueno Ruas Oliveira and Rafael Alves Paes Oliveira and Bruno Barbieri Pontes Cafeo and Vinícius Humberto Serapilha Durelli},
  year      = {2009},
  howpublished = {Online},
  title     = {{PascalMutants}},
  note      = {\url{http://ccsl.icmc.usp.br/drupal5/pt-br/content/pascal-mutants} - Acessado em 03/12/2010},
}

@TECHREPORT{Oliveira10TRi,
  author      = {Lucas Bueno Ruas Oliveira and Elisa Yumi Nakagawa},
  title       = {A Systematic Review on Service-Oriented Reference Models and Service-Oriented Reference Architecture},
  institution =  {Instituto de Ci\^encias Matem\'aticas e de Computa\c{c}\~ao, Universidade de S\~ao Paulo - {ICMC/USP}},
  year        = {2010},
  number      = {TR-353},
  pages       = {1--35},
  type        = {Tech. Report},
  month       = {Mai},
  address     = {São Carlos, SP},
}


@TECHREPORT{Oliveira10TR,
  author      = {Lucas Bueno Ruas Oliveira and Elisa Yumi Nakagawa},
  title       = {A Systematic Review on Service-Oriented Reference Models and Service-Oriented Reference Architecture},
  institution =  {Instituto de Ci\^encias Matem\'aticas e de Computa\c{c}\~ao, Universidade de S\~ao Paulo - {ICMC/USP}},
  year        = {2010},
  number      = {TR-353},
  pages       = {1--35},
  type        = {Relatório Técnico},
  month       = {Mai},
  address     = {São Carlos, SP},
}

@INPROCEEDINGS{Oliveira10ECSA,
  author    = {Lucas Bueno Ruas Oliveira and Katia Romero Felizardo and Daniel Feitosa and Elisa Yumi Nakagawa},
  title     = {Reference Models and Reference Architectures Based on Service-Oriented Architecture: A Systematic Review},
  booktitle = {Proceedings of the 4$^{th}$ European Conference on Software Architecture (ECSA 2010)},
  year      = {2010},
  pages     = {360-367 (LNCS v.6285)},
  publisher = {Springer-Heidelberg},
  address   = {Copenhague, Denmark},
  month     = {Aug},
}

@INPROCEEDINGS{Oliveira10WTES,
  author    = {Lucas Bueno Ruas Oliveira and Elisa Yumi Nakagawa},
  title     = {Estabelecimento de uma Arquitetura de Referência Orientada a Serviços para Ferramentas de Teste de Software},
  booktitle = {Anais do 15$^{o}$ Workshop de Teses e Dissertações em Engenharia de Software (WTES 2010), 24$^{o}$ 
               Simpósio Brasileiro de Engenharia de Software (SBES 2010), Congresso Brasileiro de Software: Teoria e Prática (CBSoft 2010)},
  year      = {2010},
  pages     = {25-30},
  address   = {Salvador, BA},
  month     = {Set},
}

@INPROCEEDINGS{Oliveira11WICSA,
  author    = {Lucas Bueno Ruas Oliveira and Elisa Yumi Nakagawa},
  title     = {A Service-Oriented Reference Architecture for the Software Testing Domain},
  booktitle = {Proceedings of the 9$^{th}$ Working IEEE/IFIP Conference on Software Architecture (WICSA 2011)},
  year      = {2011},
  pages     = {1-10},
  address   = {Boulder, Colorado, USA},
  month     = {Jun},
  note      = {(em elaboração)}
}

@INPROCEEDINGS{Oliveira11SAST,
  author    = {Lucas Bueno Ruas Oliveira and Elisa Yumi Nakagawa},
  title     = {PascalMutants-Service: Uma Ferramenta de Teste de Mutação Orientada a Serviço},
  booktitle = {Anais do 5$^{th}$ Brazilian Workshop on Systematic and Automated Software Testing (SAST 2011)},
  year      = {2011},
  pages     = {1-10},
  month     = {Nov},
}

@ARTICLE{Oliveira11JUCS,
  author    = {Lucas Bueno Ruas Oliveira and Elisa Yumi Nakagawa},
  title     = {A Contribution to the Reuse in Software Test Tools: An Architectural Approach},
  journal   = {Journal of Universal Computer Science (JUCS)},
  year      = {2011},
  pages     = {1-20},
}

@ARTICLE{Papazoglou07VLDB,
  author    = {Papazoglou, Mike  P.  and Heuvel, Willem-Jan  },
  title     = {Service oriented architectures: approaches, technologies and research issues},
  issn      = {1066-8888},
  journal   = {The VLDB Journal},
  month     = {Jul},
  number    = {3},
  pages     = {389--415},
  publisher = {Springer-Verlag},
  address   = {Secaucus, NJ, USA},
  volume    = {16},
  year      = {2007}
}

@ARTICLE{Papazoglou08SOCR,
  author    = {Mike P. Papazoglou and Paolo Traverso and Schahram Dustdar and Frank Leymann},
  title     = {Service-Oriented Computing: a Research Roadmap},
  journal   = {International Journal of Cooperative Information Systems},
  volume    = {17},
  number    = {2},
  year      = {2008},
  pages     = {223-255},
}

@ARTICLE{Papazoglou08SOCS,
  author    = {Michael P. Papazoglou and Paolo Traverso and Schahram Dustdar and Frank Leymann},
  title     = {Service-Oriented Computing: State of the Art and Research Challenges},
  journal   = {IEEE Computer},
  volume    = {40},
  issn      = {0018-9162},
  year      = {2007},
  pages     = {38-45},
  publisher = {IEEE Computer Society},
  address   = {Los Alamitos, CA, USA},
}

@ARTICLE{Peltz03WSOC,
  author    = {Peltz, Chris},
  title     = {Web {S}ervices {O}rchestration and {C}horeography},
  journal   = {IEEE Computer},
  volume    = {36},
  number    = {10},
  year      = {2003},
  issn      = {0018-9162},
  pages     = {46--52},
  publisher = {IEEE Computer Society Press},
  address   = {Los Alamitos, CA, USA},
 }

@ARTICLE{Peristeras09CERA,
  author    = {Vassilios Peristeras and Manuel Fradinho and Deirdre Lee and Wolfgang Prinz and 
               Rudolf Ruland and Kashif Iqbal and Stefan Decker},
  title     = {{CERA}: {A} collaborative environment reference architecture for interoperable {CWE} systems},
  journal   = {Service Oriented Computing and Applications},
  year      = {2009},
  volume    = {3},
  pages     = {3-23},
  number    = {1},
}

@article{Peterson77PN,
  author     = {James L. Peterson},
  title      = {Petri Nets},
  journal    = {ACM Computer Surveys},
  volume     = {9},
  number     = {3},
  year       = {1977},
  issn       = {0360-0300},
  pages      = {223--252},
  doi        = {http://doi.acm.org/10.1145/356698.356702},
  publisher  = {ACM},
  address    = {New York, NY, USA},
}

@inproceedings{Petersen08SM,
  author     = {Petersen, K. and Feldt, R. and Mujtaba S. and Mattsson M.},
  title      = {Systematic Mapping Studies in Software engineering},
  booktitle  = {Proceedings of the 12$^{th}$ International Conference on Evaluation and Assessment in Software Engineering (EASE 2008)},
  year       = {2008},
  pages      = {71-80},
  address    = {Bari, Italy},
  organization = {Blekinge Institute of Technology},
}

@BOOK{Pressman05Book,
  title     = {Software engineering: A practitioner's approach.},
  publisher = {McGraw-Hill},
  year      = {2005},
  author    = {Roger S. Pressman},
  edition   = {5$^{th}$},
}

@INPROCEEDINGS{Rapps82DFAT,
  author    = {Rapps, Sandra and Weyuker, Elaine J.},
  title     = {Data flow analysis techniques for test data selection},
  booktitle = {Proceedings of the 6$^{th}$ International Conference on Software Engineering (ICSE 1982)},
  year      = {1982},
  pages     = {272--278},
  address   = {Los Alamitos, CA, USA},
  publisher = {IEEE Computer Society Press},
  location  = {Tokyo, Japan}
}

@ARTICLE{Ramanathan08IBMTS,
  author    = {S. Ramanathan  and M. Alexander and G. Kerr},
  title     = {The {IBM} telecommunications service delivery platform},
  journal   = {IBM Systems Journal},
  year      = {2008},
  volume    = {47},
  pages     = {433-443},
  number    = {3},
}

@INPROCEEDINGS{ReiffMarganiec08IPCSA,
  author    = {Reiff-Marganiec, Stephan and Truong, Hong-Linh and Casella, Giovanni and Dorn, Christoph 
               and Dustdar, Schahram and Moretzky, Sarit},
  title     = {The inContext pervasive collaboration services architecture},
  booktitle = {Proceedings of the 1$^{st}$ European Conference on Towards a Service-Based Internet},
  year      = {2008},
  publisher = {Springer-Verlag},
  pages     = {134-146 (LNCS v. 5377)},
  address   = {Madrid, Spain},
  isbn      = {03029743},
  month     = {Dec},
}

@INPROCEEDINGS{Richardson94TAOS,
  author     = {Richardson, Debra J.},
  title      = {{TAOS}: {T}esting with Analysis and Oracle Support},
  booktitle  = {Proceedings of the 1994 ACM SIGSOFT international symposium on Software testing and analysis (ISSTA 1994)},
  year       = {1994},
  isbn       = {0-89791-683-2},
  pages      = {138--153},
  location   = {Seattle, Washington, USA},
  publisher  = {ACM},
  address    = {New York, NY, USA},
}

@MISC{Sadoski97TTSA,
  author    = {Sadoski, D. and Comella-Dorda, S.},
  year      = {1997},
  howpublished = {Online},
  title     = {Three tier software architectures},
  note      = {\url{http://www.sei.cmu.edu/str/descriptions/threetier.html} - Acessado em 07/01/2010},
}

@MISC{SEI10DAC,
  author    = {{SEI} },
  year      = {2010},
  howpublished = {Online},
  title     = {{--Software Engineering Institute, } {Community Software Architecture Definitions}},
  note      = {\url{http://www.sei.cmu.edu/architecture/start/community.cfm} - Acessado em 03/12/2010},
}

@TECHREPORT{SEI09CBAM,
  author    = {SEI},
  title     = {{CBAM}: Cost Benefit Analysis Method},
  institution =  {Software Engineering Institute (SEI)},
  year      = {2010},
  note      = {\url{http://www.sei.cmu.edu/architecture/tools/cbam/index.cfm} -- Acessado em 03/12/2010},
}

@ARTICLE{Schmidt05ESB,
 author     = {Schmidt, M.-T. and Hutchison, B. and Lambros, P. and Phippen, R.},
 title      = {The enterprise service bus: making service-oriented architecture real},
 journal    = {IBM Systems Journal},
 volume     = {44},
 number     = {4},
 year       = {2005},
 issn       = {0018-8670},
 pages      = {781--797},
 publisher  = {IBM Corporation},
 address    = {Riverton, NJ, USA},
 }

@INPROCEEDINGS{Shaw94PCAS,
  author     = {Mary Shaw and Paul Clements},
  title      = {A Field Guide to Boxology: Preliminary Classification of Architectural Styles for Software Systems},
  booktitle  = {Proceedings of the 21$^{st}$ Computer Software and Applications Conference (COMPSAC)},
  year       = {1997},
  address    = {Washington, DC, USA},
  pages      = {6--13}
}

@BOOK{Shaw96SAPE,
  title      = {Software Architecture in Practice},
  publisher  = {Prentice-Hall},
  year       = {1996},
  author     = {Mary Shaw and David Garlan},
}

@ARTICLE{Shaw06TGASAr,
  author     = {Mary Shaw and Paul Clements},
  title      = {The Golden Age of Software Architecture},
  journal    = {IEEE Software},
  volume     = {23},
  number     = {2},
  year       = {2006},
  issn       = {0740-7459},
  pages      = {31--39},
  publisher  = {IEEE Computer Society Press},
  address    = {Los Alamitos, CA, USA},
}

@ARTICLE{Sinha06HMTD,
  author    = {Sinha, Avik and Smidts, Carol},
  title     = {{HOTTest}: A model-based test design technique for enhanced testing of domain-specific applications},
  journal   = {ACM Trans. Software Engineering Methodology},
  year      = {2006},
  volume    = {15},
  pages     = {242--278},
  number    = {3},
  address   = {New York, NY, USA},
  issn      = {1049-331X},
  publisher = {ACM}
}

@INPROCEEDINGS{Simao00RSPN,
  author    = {A. S. Sim{\~a}o and J. C. Maldonado and S. C. P. F. Fabbri},
  title     = {Proteum-{RS/PN} - {A} Tool to Support Edition, Simulation and Validation of {P}etri {N}ets Based on Mutation Testing},
  booktitle = {Anais do 14$^{o}$ Simpósio Brasileiro de Engenharia de Software (SBES 2000)},
  year      = {2000},
  pages     = {227-242},
  address   = {João Pessoa, PB},
}

@INPROCEEDINGS{SlyngstadIUAR08,
  author    = {Slyngstad,, Odd Petter and Li,, Jingyue and Conradi,, Reidar and Babar,, M. Ali},
  title     = {Identifying and Understanding Architectural Risks in Software Evolution: An Empirical Study},
  booktitle = {Proceedings of the 9$^{th}$ International Conference on Product-Focused Software Process Improvement (PROFES 2008)},
  year      = {2008},
  pages     = {400--414 (LNCS v. 5089)},
  address   = {Berlin, Heidelberg},
  publisher = {Springer-Verlag},
  isbn      = {978-3-540-69564-6},
  location  = {Monte Porzio Catone, Italy}
}

@BOOK{Sommervile03SE,
  title     = {Software Engineering},
  publisher = {Addison Wesley},
  year      = {2003},
  author    = {Ian Sommerville},
}

@INPROCEEDINGS{Sugeta01RSST,
  author    = {T. Sugeta and J. C. Maldonado and P. C. Masiero and S. C. P. F. Fabbri},
  title     = {Proteum-{RS/ST} - {A} Tool to Support Statecharts Validation Based on Mutation Testing},
  booktitle = {Anais do 4$^{o}$ Workshop Iberoamericano de Engenharia de Requisitos e Ambientes de Software  (IDEAS 2001)},
  year      = {2001},
  pages     = {370-384},
  address   = {Santo Domingo, Costa Rica},
}

@MISC{Telecordia97xSUD,
  author    = {Telecordia Technologies},
  year      = {1997},
  howpublished = {Online},
  title     = {{xSud Toolsuite}},
  note      = {\url{http://xsuds.argreenhouse.com} - Acessado em 07/01/2010},
}

@PHDTHESIS{Vincenzi04OO,
  author    = {Auri Marcelo Rizzo Vincenzi},
  title     = {Orientação a objeto: definição, implementação e análise de recursos de teste e validação},
  school    = {{ICMC/USP}},
  year      = {2004},
  address   = {São Carlos, SP},
}

@ARTICLE{Vincenzi05MUTA,
  author    = {Auri Marcelo Rizzo Vincenzi  and M. E. Delamaro and A. S. Sim{\~a}o and J. C. Maldonado},
  title     = {{Muta-pro}: {T}owards the definition of a mutation test process},
  journal   = {Journal of the Brazilian Computer Society},
  year      = {2006},
  volume    = {12},
  pages     = {1--13},
  number    = {2},
  publisher = {Computer Brazilian Society}
}

@ARTICLE{Vincenzi06ESTC,
  author    = {A. M. R. Vincenzi and M. E. Delamaro and J. C. Maldonado and W. E. Wong},
  title     = {Establishing Structural Testing Criteria for Java Bytecode},
  journal   = {Software: Practice and Experience},
  year      = {2006},
  volume    = {36},
  pages     = {1513-1541},
  number    = {14},
  publisher = {John Wiley \& Sons}
}

@ARTICLE{Wasserman96TDSE,
  title     = {Toward a discipline of software engineering},
  author    = {Wasserman, A.I.},
  journal   = {IEEE Software},
  year      = {1996},
  month     = {Nov},
  volume    = {13},
  number    = {6},
  pages     = {23-31},
  doi       = {10.1109/52.542291},
  ISSN      = {0740-7459},
}

@MISC{W3C10XML,
  author    = {{W3C}},
  year      = {2010},
  howpublished = {Online},
  title     = {{-- World Wide Web Consortium, } {Extensible Markup Language (XML)}},
  note      = {\url{http://www.w3.org/XML/} - Acessado em 03/12/2010},
}

@MISC{W3C10SOAP,
  author    = {{W3C}},
  year      = {2010},
  howpublished = {Online},
  title     = {{-- World Wide Web Consortium, } {Simple Object Access Protocol (SOAP)}},
  note      = {\url{http://www.w3.org/TR/soap/} - Acessado em 03/12/2010},
}

@MISC{W3C10WSDL,
  author    = {{W3C}},
  year      = {2010},
  howpublished = {Online},
  title     = {{-- World Wide Web Consortium, } {Web Service Description Language (WSDL)}},
  note      = {\url{http://www.w3.org/TR/wsdl} - Acessado em 03/12/2010},
}

@MISC{W3C10WSCDL,
  author    = {{W3C}},
  year      = {2010},
  howpublished = {Online},
  title     = {{-- World Wide Web Consortium, } {Web Services Choreography Description Language Version 1.0 (WS-CDL)}},
  note      = {\url{http://www.w3.org/TR/2004/WD-ws-cdl-10-20041217/} - Acessado em 03/12/2010},
}

@BOOK{Weerawarana05Book,
  title      = {Web Services Platform Architecture: SOAP, WSDL, WS-Policy, WS-Addressing, WS-BPEL, WS-Reliable Messaging, and More},
  publisher  = {Prentice Hall.},
  year       = {2005},
  author     = {Sanjiva Weerawarana and Francisco Curbera and Frank Leymann and Tony Storey and Donald F. Ferguson},
  address    = {Upper Saddle River, New Jersey, USA},
}

@article{Yang99OOAS,
   author    = {Ji-Tzay Yang and Jiun-Long Huang and Feng-Jian Wang and William. C. Chu},
   title     = {An Object-Oriented Architecture Supporting Web Application Testing},
   journal   = {Proceedings of the 23$^{rd}$  Annual IEEE International Computer Software and Applications Conference (COMPSAC 1999)},
   issn      = {0730-3157},
   year      = {1999},
   pages     = {122--127},  
   location  = {Phoenix, Arizona},
   publisher = {IEEE Computer Society},
   address   = {Los Alamitos, CA, USA},
}


@ARTICLE{Yang02COAW,
  title     = {Constructing an object-oriented architecture for Web application testing},
  author    = {Yang, J.-T. and Huang, J.-L. and Wang, F.-J. and Chu, W.C.},
  journal   = {Journal of Information Science and Engineering},
  year      = {2002},
  volume    = {18},
  number    = {1},
  pages     = {59--84},
}

@MASTERSTHESIS{Yano04SML,
  author    = {T. Yano},
  title     = {Estudo do Teste de Mutação em Programas Funcionais {SML}},
  year      = {2004},
  school    = {{ICMC/USP}},
  address   = {São Carlos, SP},
}

@INPROCEEDINGS{Yap05ACSE,
 author     = {Nelson Yap and Hau Chean Chiong and John Grundy and Rebecca Berrigan},
 title      = {Supporting Dynamic Software Tool Integration via Web Service-Based Components},
 booktitle  = {Proceedings of the Australian Conference on Software Engineering (ASWEC 2005)},
 year       = {2005},
 isbn       = {0-7695-2257-2},
 pages      = {160--169},
 publisher  = {IEEE Computer Society},
 address    = {Washington, DC, USA},
 location   = {Brisbane, Australia}
}

@INPROCEEDINGS{Yu06MuJava,
 author     = {Ma, Yu-Seung and Offutt, Jeff and Kwon, Yong-Rae},
 title      = {{MuJava}: a mutation system for java},
 booktitle  = {Proceedings of the 28$^{th}$ International Conference on Software Engineering (ICSE 2006)},
 year       = {2006},
 pages      = {827--830},
 location   = {Shanghai, China},
 doi        = {http://doi.acm.org/10.1145/1134285.1134425},
 publisher  = {ACM},
 address    = {New York, NY, USA},
}
 
@ARTICLE{Zirpins08,
  author    = {Zirpins, Christian and Emmerich, Wolfgang},
  title     = {A reference model of virtual service production networks},
  journal   = {Service Oriented Computing and Applications},
  year      = {2008},
  volume    = {2},
  pages     = {145-166},
  number    = {2},
}

@INCOLLECTION{Zimmermann09AKSOA,
  author    = {Zimmermann, Olaf and Kopp, Petra and Pappe, Stefan},
  title     = {Architectural Knowledge in an {SOA} Infrastructure Reference Architecture},
  Publisher = {Springer-Verlag},
  address   = {Berlin, Heidenberg},
  booktitle = {Software Architecture Knowledge Management},
  year      = {2009},
  pages     = {217-241},
}

@INPROCEEDINGS{Zheng08SOAEL,
  author     = {Zheng, Q. H. and Dong, B. and Tian, F. and Chen, W.},
  title      = {A service-oriented approach to integration of e-learning Information and Resource Management Systems},
  booktitle  = {Proceedings of the 12$^{th}$ International Conference on Computer Supported Cooperative Work in Design},
  year       = {2008},
  pages      = {1047-1052},
  address    = {Xian, China},
  month      = {Apr},
}

@ARTICLE{Zhu97SUTC,
  author    = {Zhu, Hong and Hall, Patrick A. V. and May, John H. R.},
  title     = {Software unit test coverage and adequacy},
  journal   = {ACM Computing Surveys (CSUR)},
  year      = {1997},
  volume    = {29},
  pages     = {366--427},
  number    = {4},
  address   = {New York, NY, USA},
  issn      = {0360-0300},
  publisher = {ACM}
}
